{"timestamp": "2025-08-05T00:00:03.268669Z", "side": "SELL", "price": 115275.66, "quantity": 9e-05, "bot_name": "114362_2025_08_04_13:48:43", "mode": "test", "bot_run": "20250804_201123"}
{"timestamp": "2025-08-05T00:00:03.269249Z", "side": "SELL", "price": 115287.19, "quantity": 9e-05, "bot_name": "114362_2025_08_04_13:48:43", "mode": "test", "bot_run": "20250804_201123"}
{"timestamp": "2025-08-05T00:00:08.351795Z", "side": "BUY", "price": 115275.66, "quantity": 9e-05, "bot_name": "114362_2025_08_04_13:48:43", "mode": "test", "bot_run": "20250804_201123"}
{"timestamp": "2025-08-05T00:00:08.352252Z", "side": "BUY", "price": 115264.13, "quantity": 9e-05, "bot_name": "114362_2025_08_04_13:48:43", "mode": "test", "bot_run": "20250804_201123"}
{"timestamp": "2025-08-05T00:00:15.606420Z", "side": "BUY", "price": 115258.53, "quantity": 9e-05, "bot_name": "114483_2025_08_04_15:25:45", "mode": "test", "bot_run": "20250804_201132"}
{"timestamp": "2025-08-05T00:00:28.667766Z", "side": "SELL", "price": 115275.66, "quantity": 9e-05, "bot_name": "114362_2025_08_04_13:48:43", "mode": "test", "bot_run": "20250804_201123"}
{"timestamp": "2025-08-05T00:00:30.837308Z", "side": "SELL", "price": 115270.06, "quantity": 9e-05, "bot_name": "114483_2025_08_04_15:25:45", "mode": "test", "bot_run": "20250804_201132"}
{"timestamp": "2025-08-05T00:00:49.682065Z", "side": "BUY", "price": 115264.13, "quantity": 9e-05, "bot_name": "114362_2025_08_04_13:48:43", "mode": "test", "bot_run": "20250804_201123"}
{"timestamp": "2025-08-05T00:00:57.043722Z", "side": "BUY", "price": 115258.53, "quantity": 9e-05, "bot_name": "114483_2025_08_04_15:25:45", "mode": "test", "bot_run": "20250804_201132"}
{"timestamp": "2025-08-05T00:01:15.072752Z", "side": "BUY", "price": 115252.6, "quantity": 9e-05, "bot_name": "114362_2025_08_04_13:48:43", "mode": "test", "bot_run": "20250804_201123"}
{"timestamp": "2025-08-05T00:01:17.354406Z", "side": "BUY", "price": 115247.0, "quantity": 9e-05, "bot_name": "114483_2025_08_04_15:25:45", "mode": "test", "bot_run": "20250804_201132"}
{"timestamp": "2025-08-05T00:01:17.354782Z", "side": "BUY", "price": 115235.48, "quantity": 9e-05, "bot_name": "114483_2025_08_04_15:25:45", "mode": "test", "bot_run": "20250804_201132"}
{"timestamp": "2025-08-05T00:01:20.151028Z", "side": "BUY", "price": 115241.07, "quantity": 9e-05, "bot_name": "114362_2025_08_04_13:48:43", "mode": "test", "bot_run": "20250804_201123"}
{"timestamp": "2025-08-05T00:01:20.151683Z", "side": "BUY", "price": 115229.55, "quantity": 9e-05, "bot_name": "114362_2025_08_04_13:48:43", "mode": "test", "bot_run": "20250804_201123"}
{"timestamp": "2025-08-05T00:01:48.495058Z", "side": "BUY", "price": 115223.96, "quantity": 9e-05, "bot_name": "114483_2025_08_04_15:25:45", "mode": "test", "bot_run": "20250804_201132"}
{"timestamp": "2025-08-05T00:01:51.325492Z", "side": "BUY", "price": 115218.03, "quantity": 9e-05, "bot_name": "114362_2025_08_04_13:48:43", "mode": "test", "bot_run": "20250804_201123"}
{"timestamp": "2025-08-05T00:02:18.961113Z", "side": "BUY", "price": 115212.44, "quantity": 9e-05, "bot_name": "114483_2025_08_04_15:25:45", "mode": "test", "bot_run": "20250804_201132"}
{"timestamp": "2025-08-05T00:02:29.116906Z", "side": "SELL", "price": 115223.96, "quantity": 9e-05, "bot_name": "114483_2025_08_04_15:25:45", "mode": "test", "bot_run": "20250804_201132"}
{"timestamp": "2025-08-05T00:02:34.196581Z", "side": "BUY", "price": 115212.44, "quantity": 9e-05, "bot_name": "114483_2025_08_04_15:25:45", "mode": "test", "bot_run": "20250804_201132"}
{"timestamp": "2025-08-05T00:02:37.035839Z", "side": "BUY", "price": 115206.51, "quantity": 9e-05, "bot_name": "114362_2025_08_04_13:48:43", "mode": "test", "bot_run": "20250804_201123"}
{"timestamp": "2025-08-05T00:02:42.817272Z", "side": "BUY", "price": 115194.99, "quantity": 9e-05, "bot_name": "114362_2025_08_04_13:48:43", "mode": "test", "bot_run": "20250804_201123"}
{"timestamp": "2025-08-05T00:02:47.897505Z", "side": "SELL", "price": 115206.51, "quantity": 9e-05, "bot_name": "114362_2025_08_04_13:48:43", "mode": "test", "bot_run": "20250804_201123"}
{"timestamp": "2025-08-05T00:02:50.379456Z", "side": "BUY", "price": 115200.92, "quantity": 9e-05, "bot_name": "114483_2025_08_04_15:25:45", "mode": "test", "bot_run": "20250804_201132"}
{"timestamp": "2025-08-05T00:02:52.976780Z", "side": "BUY", "price": 115194.99, "quantity": 9e-05, "bot_name": "114362_2025_08_04_13:48:43", "mode": "test", "bot_run": "20250804_201123"}
{"timestamp": "2025-08-05T00:02:55.458726Z", "side": "BUY", "price": 115189.4, "quantity": 9e-05, "bot_name": "114483_2025_08_04_15:25:45", "mode": "test", "bot_run": "20250804_201132"}
{"timestamp": "2025-08-05T00:02:58.054670Z", "side": "BUY", "price": 115183.47, "quantity": 9e-05, "bot_name": "114362_2025_08_04_13:48:43", "mode": "test", "bot_run": "20250804_201123"}
{"timestamp": "2025-08-05T00:03:10.694103Z", "side": "BUY", "price": 115177.88, "quantity": 9e-05, "bot_name": "114483_2025_08_04_15:25:45", "mode": "test", "bot_run": "20250804_201132"}
{"timestamp": "2025-08-05T00:03:33.608782Z", "side": "BUY", "price": 115171.95, "quantity": 9e-05, "bot_name": "114362_2025_08_04_13:48:43", "mode": "test", "bot_run": "20250804_201123"}
{"timestamp": "2025-08-05T00:03:49.544973Z", "side": "SELL", "price": 115183.47, "quantity": 9e-05, "bot_name": "114362_2025_08_04_13:48:43", "mode": "test", "bot_run": "20250804_201123"}
{"timestamp": "2025-08-05T00:03:49.545381Z", "side": "SELL", "price": 115194.99, "quantity": 9e-05, "bot_name": "114362_2025_08_04_13:48:43", "mode": "test", "bot_run": "20250804_201123"}
{"timestamp": "2025-08-05T00:03:52.133746Z", "side": "SELL", "price": 115189.4, "quantity": 9e-05, "bot_name": "114483_2025_08_04_15:25:45", "mode": "test", "bot_run": "20250804_201132"}
{"timestamp": "2025-08-05T00:04:02.290244Z", "side": "SELL", "price": 115200.92, "quantity": 9e-05, "bot_name": "114483_2025_08_04_15:25:45", "mode": "test", "bot_run": "20250804_201132"}
{"timestamp": "2025-08-05T00:04:04.782715Z", "side": "SELL", "price": 115206.51, "quantity": 9e-05, "bot_name": "114362_2025_08_04_13:48:43", "mode": "test", "bot_run": "20250804_201123"}
{"timestamp": "2025-08-05T00:04:09.861408Z", "side": "BUY", "price": 115194.99, "quantity": 9e-05, "bot_name": "114362_2025_08_04_13:48:43", "mode": "test", "bot_run": "20250804_201123"}
{"timestamp": "2025-08-05T00:04:27.684485Z", "side": "SELL", "price": 115212.44, "quantity": 9e-05, "bot_name": "114483_2025_08_04_15:25:45", "mode": "test", "bot_run": "20250804_201132"}
{"timestamp": "2025-08-05T00:04:30.179951Z", "side": "SELL", "price": 115206.51, "quantity": 9e-05, "bot_name": "114362_2025_08_04_13:48:43", "mode": "test", "bot_run": "20250804_201123"}
{"timestamp": "2025-08-05T00:04:37.838400Z", "side": "SELL", "price": 115223.96, "quantity": 9e-05, "bot_name": "114483_2025_08_04_15:25:45", "mode": "test", "bot_run": "20250804_201132"}
{"timestamp": "2025-08-05T00:04:40.337542Z", "side": "SELL", "price": 115218.03, "quantity": 9e-05, "bot_name": "114362_2025_08_04_13:48:43", "mode": "test", "bot_run": "20250804_201123"}
{"timestamp": "2025-08-05T00:04:40.337998Z", "side": "SELL", "price": 115229.55, "quantity": 9e-05, "bot_name": "114362_2025_08_04_13:48:43", "mode": "test", "bot_run": "20250804_201123"}
{"timestamp": "2025-08-05T00:04:42.914431Z", "side": "SELL", "price": 115235.48, "quantity": 9e-05, "bot_name": "114483_2025_08_04_15:25:45", "mode": "test", "bot_run": "20250804_201132"}
{"timestamp": "2025-08-05T00:04:46.120349Z", "side": "BUY", "price": 115218.03, "quantity": 9e-05, "bot_name": "114362_2025_08_04_13:48:43", "mode": "test", "bot_run": "20250804_201123"}
{"timestamp": "2025-08-05T00:04:46.120596Z", "side": "BUY", "price": 115206.51, "quantity": 9e-05, "bot_name": "114362_2025_08_04_13:48:43", "mode": "test", "bot_run": "20250804_201123"}
{"timestamp": "2025-08-05T00:04:48.672666Z", "side": "BUY", "price": 115223.96, "quantity": 9e-05, "bot_name": "114483_2025_08_04_15:25:45", "mode": "test", "bot_run": "20250804_201132"}
{"timestamp": "2025-08-05T00:05:01.495302Z", "side": "SELL", "price": 115218.03, "quantity": 9e-05, "bot_name": "114362_2025_08_04_13:48:43", "mode": "test", "bot_run": "20250804_201123"}
{"timestamp": "2025-08-05T00:05:39.446649Z", "side": "SELL", "price": 115235.48, "quantity": 9e-05, "bot_name": "114483_2025_08_04_15:25:45", "mode": "test", "bot_run": "20250804_201132"}
{"timestamp": "2025-08-05T00:05:42.126938Z", "side": "SELL", "price": 115229.55, "quantity": 9e-05, "bot_name": "114362_2025_08_04_13:48:43", "mode": "test", "bot_run": "20250804_201123"}
{"timestamp": "2025-08-05T00:05:44.525285Z", "side": "SELL", "price": 115247.0, "quantity": 9e-05, "bot_name": "114483_2025_08_04_15:25:45", "mode": "test", "bot_run": "20250804_201132"}
{"timestamp": "2025-08-05T00:05:47.907606Z", "side": "SELL", "price": 115241.07, "quantity": 9e-05, "bot_name": "114362_2025_08_04_13:48:43", "mode": "test", "bot_run": "20250804_201123"}
{"timestamp": "2025-08-05T00:05:47.908038Z", "side": "SELL", "price": 115252.6, "quantity": 9e-05, "bot_name": "114362_2025_08_04_13:48:43", "mode": "test", "bot_run": "20250804_201123"}
{"timestamp": "2025-08-05T00:05:47.908321Z", "side": "SELL", "price": 115264.13, "quantity": 9e-05, "bot_name": "114362_2025_08_04_13:48:43", "mode": "test", "bot_run": "20250804_201123"}
{"timestamp": "2025-08-05T00:05:47.908622Z", "side": "SELL", "price": 115275.66, "quantity": 9e-05, "bot_name": "114362_2025_08_04_13:48:43", "mode": "test", "bot_run": "20250804_201123"}
{"timestamp": "2025-08-05T00:05:50.288080Z", "side": "SELL", "price": 115258.53, "quantity": 9e-05, "bot_name": "114483_2025_08_04_15:25:45", "mode": "test", "bot_run": "20250804_201132"}
{"timestamp": "2025-08-05T00:05:50.288488Z", "side": "SELL", "price": 115270.06, "quantity": 9e-05, "bot_name": "114483_2025_08_04_15:25:45", "mode": "test", "bot_run": "20250804_201132"}
{"timestamp": "2025-08-05T00:05:55.366892Z", "side": "BUY", "price": 115258.53, "quantity": 9e-05, "bot_name": "114483_2025_08_04_15:25:45", "mode": "test", "bot_run": "20250804_201132"}
{"timestamp": "2025-08-05T00:05:58.066484Z", "side": "BUY", "price": 115264.13, "quantity": 9e-05, "bot_name": "114362_2025_08_04_13:48:43", "mode": "test", "bot_run": "20250804_201123"}
{"timestamp": "2025-08-05T00:05:58.066997Z", "side": "BUY", "price": 115252.6, "quantity": 9e-05, "bot_name": "114362_2025_08_04_13:48:43", "mode": "test", "bot_run": "20250804_201123"}
{"timestamp": "2025-08-05T00:06:08.226513Z", "side": "SELL", "price": 115264.13, "quantity": 9e-05, "bot_name": "114362_2025_08_04_13:48:43", "mode": "test", "bot_run": "20250804_201123"}
{"timestamp": "2025-08-05T00:06:15.678653Z", "side": "BUY", "price": 115247.0, "quantity": 9e-05, "bot_name": "114483_2025_08_04_15:25:45", "mode": "test", "bot_run": "20250804_201132"}
{"timestamp": "2025-08-05T00:06:18.384892Z", "side": "BUY", "price": 115252.6, "quantity": 9e-05, "bot_name": "114362_2025_08_04_13:48:43", "mode": "test", "bot_run": "20250804_201123"}
{"timestamp": "2025-08-05T00:06:35.989044Z", "side": "SELL", "price": 115258.53, "quantity": 9e-05, "bot_name": "114483_2025_08_04_15:25:45", "mode": "test", "bot_run": "20250804_201132"}
{"timestamp": "2025-08-05T00:06:41.067759Z", "side": "BUY", "price": 115247.0, "quantity": 9e-05, "bot_name": "114483_2025_08_04_15:25:45", "mode": "test", "bot_run": "20250804_201132"}
{"timestamp": "2025-08-05T00:06:51.907651Z", "side": "SELL", "price": 115258.53, "quantity": 9e-05, "bot_name": "114483_2025_08_04_15:25:45", "mode": "test", "bot_run": "20250804_201132"}
{"timestamp": "2025-08-05T00:06:56.985995Z", "side": "BUY", "price": 115247.0, "quantity": 9e-05, "bot_name": "114483_2025_08_04_15:25:45", "mode": "test", "bot_run": "20250804_201132"}
{"timestamp": "2025-08-05T00:07:20.038044Z", "side": "SELL", "price": 115264.13, "quantity": 9e-05, "bot_name": "114362_2025_08_04_13:48:43", "mode": "test", "bot_run": "20250804_201123"}
{"timestamp": "2025-08-05T00:07:20.038442Z", "side": "SELL", "price": 115275.66, "quantity": 9e-05, "bot_name": "114362_2025_08_04_13:48:43", "mode": "test", "bot_run": "20250804_201123"}
{"timestamp": "2025-08-05T00:07:22.373626Z", "side": "SELL", "price": 115258.53, "quantity": 9e-05, "bot_name": "114483_2025_08_04_15:25:45", "mode": "test", "bot_run": "20250804_201132"}
{"timestamp": "2025-08-05T00:07:25.121258Z", "side": "BUY", "price": 115264.13, "quantity": 9e-05, "bot_name": "114362_2025_08_04_13:48:43", "mode": "test", "bot_run": "20250804_201123"}
{"timestamp": "2025-08-05T00:07:30.200430Z", "side": "SELL", "price": 115275.66, "quantity": 9e-05, "bot_name": "114362_2025_08_04_13:48:43", "mode": "test", "bot_run": "20250804_201123"}
{"timestamp": "2025-08-05T00:07:32.532986Z", "side": "SELL", "price": 115270.06, "quantity": 9e-05, "bot_name": "114483_2025_08_04_15:25:45", "mode": "test", "bot_run": "20250804_201132"}
{"timestamp": "2025-08-05T00:07:32.533487Z", "side": "SELL", "price": 115281.59, "quantity": 9e-05, "bot_name": "114483_2025_08_04_15:25:45", "mode": "test", "bot_run": "20250804_201132"}
{"timestamp": "2025-08-05T00:07:32.533896Z", "side": "SELL", "price": 115293.12, "quantity": 9e-05, "bot_name": "114483_2025_08_04_15:25:45", "mode": "test", "bot_run": "20250804_201132"}
{"timestamp": "2025-08-05T00:07:32.534210Z", "side": "SELL", "price": 115304.65, "quantity": 9e-05, "bot_name": "114483_2025_08_04_15:25:45", "mode": "test", "bot_run": "20250804_201132"}
{"timestamp": "2025-08-05T00:07:35.279525Z", "side": "SELL", "price": 115287.19, "quantity": 9e-05, "bot_name": "114362_2025_08_04_13:48:43", "mode": "test", "bot_run": "20250804_201123"}
{"timestamp": "2025-08-05T00:07:35.280029Z", "side": "SELL", "price": 115298.72, "quantity": 9e-05, "bot_name": "114362_2025_08_04_13:48:43", "mode": "test", "bot_run": "20250804_201123"}
{"timestamp": "2025-08-05T00:07:35.280193Z", "side": "SELL", "price": 115310.25, "quantity": 9e-05, "bot_name": "114362_2025_08_04_13:48:43", "mode": "test", "bot_run": "20250804_201123"}
{"timestamp": "2025-08-05T00:07:37.615161Z", "side": "SELL", "price": 115316.18, "quantity": 9e-05, "bot_name": "114483_2025_08_04_15:25:45", "mode": "test", "bot_run": "20250804_201132"}
{"timestamp": "2025-08-05T00:07:42.691668Z", "side": "BUY", "price": 115304.65, "quantity": 9e-05, "bot_name": "114483_2025_08_04_15:25:45", "mode": "test", "bot_run": "20250804_201132"}
{"timestamp": "2025-08-05T00:07:42.692129Z", "side": "BUY", "price": 115293.12, "quantity": 9e-05, "bot_name": "114483_2025_08_04_15:25:45", "mode": "test", "bot_run": "20250804_201132"}
{"timestamp": "2025-08-05T00:07:42.692451Z", "side": "BUY", "price": 115281.59, "quantity": 9e-05, "bot_name": "114483_2025_08_04_15:25:45", "mode": "test", "bot_run": "20250804_201132"}
{"timestamp": "2025-08-05T00:07:45.437136Z", "side": "BUY", "price": 115298.72, "quantity": 9e-05, "bot_name": "114362_2025_08_04_13:48:43", "mode": "test", "bot_run": "20250804_201123"}
{"timestamp": "2025-08-05T00:07:45.437540Z", "side": "BUY", "price": 115287.19, "quantity": 9e-05, "bot_name": "114362_2025_08_04_13:48:43", "mode": "test", "bot_run": "20250804_201123"}
{"timestamp": "2025-08-05T00:07:56.290481Z", "side": "BUY", "price": 115275.66, "quantity": 9e-05, "bot_name": "114362_2025_08_04_13:48:43", "mode": "test", "bot_run": "20250804_201123"}
{"timestamp": "2025-08-05T00:07:58.600686Z", "side": "BUY", "price": 115270.06, "quantity": 9e-05, "bot_name": "114483_2025_08_04_15:25:45", "mode": "test", "bot_run": "20250804_201132"}
{"timestamp": "2025-08-05T00:08:01.371679Z", "side": "BUY", "price": 115264.13, "quantity": 9e-05, "bot_name": "114362_2025_08_04_13:48:43", "mode": "test", "bot_run": "20250804_201123"}
{"timestamp": "2025-08-05T00:08:03.679657Z", "side": "BUY", "price": 115258.53, "quantity": 9e-05, "bot_name": "114483_2025_08_04_15:25:45", "mode": "test", "bot_run": "20250804_201132"}
{"timestamp": "2025-08-05T00:08:06.451648Z", "side": "BUY", "price": 115252.6, "quantity": 9e-05, "bot_name": "114362_2025_08_04_13:48:43", "mode": "test", "bot_run": "20250804_201123"}
{"timestamp": "2025-08-05T00:08:16.610130Z", "side": "SELL", "price": 115264.13, "quantity": 9e-05, "bot_name": "114362_2025_08_04_13:48:43", "mode": "test", "bot_run": "20250804_201123"}
{"timestamp": "2025-08-05T00:08:18.909760Z", "side": "SELL", "price": 115270.06, "quantity": 9e-05, "bot_name": "114483_2025_08_04_15:25:45", "mode": "test", "bot_run": "20250804_201132"}
{"timestamp": "2025-08-05T00:08:23.989162Z", "side": "BUY", "price": 115258.53, "quantity": 9e-05, "bot_name": "114483_2025_08_04_15:25:45", "mode": "test", "bot_run": "20250804_201132"}
{"timestamp": "2025-08-05T00:08:29.067418Z", "side": "SELL", "price": 115270.06, "quantity": 9e-05, "bot_name": "114483_2025_08_04_15:25:45", "mode": "test", "bot_run": "20250804_201132"}
{"timestamp": "2025-08-05T00:08:44.442363Z", "side": "BUY", "price": 115258.53, "quantity": 9e-05, "bot_name": "114483_2025_08_04_15:25:45", "mode": "test", "bot_run": "20250804_201132"}
{"timestamp": "2025-08-05T00:08:47.077845Z", "side": "BUY", "price": 115252.6, "quantity": 9e-05, "bot_name": "114362_2025_08_04_13:48:43", "mode": "test", "bot_run": "20250804_201123"}
{"timestamp": "2025-08-05T00:08:52.856248Z", "side": "SELL", "price": 115264.13, "quantity": 9e-05, "bot_name": "114362_2025_08_04_13:48:43", "mode": "test", "bot_run": "20250804_201123"}
{"timestamp": "2025-08-05T00:08:57.937171Z", "side": "SELL", "price": 115275.66, "quantity": 9e-05, "bot_name": "114362_2025_08_04_13:48:43", "mode": "test", "bot_run": "20250804_201123"}
{"timestamp": "2025-08-05T00:08:57.937915Z", "side": "SELL", "price": 115287.19, "quantity": 9e-05, "bot_name": "114362_2025_08_04_13:48:43", "mode": "test", "bot_run": "20250804_201123"}
{"timestamp": "2025-08-05T00:09:00.355001Z", "side": "SELL", "price": 115270.06, "quantity": 9e-05, "bot_name": "114483_2025_08_04_15:25:45", "mode": "test", "bot_run": "20250804_201132"}
{"timestamp": "2025-08-05T00:09:00.355428Z", "side": "SELL", "price": 115281.59, "quantity": 9e-05, "bot_name": "114483_2025_08_04_15:25:45", "mode": "test", "bot_run": "20250804_201132"}
{"timestamp": "2025-08-05T00:09:13.178528Z", "side": "BUY", "price": 115275.66, "quantity": 9e-05, "bot_name": "114362_2025_08_04_13:48:43", "mode": "test", "bot_run": "20250804_201123"}
{"timestamp": "2025-08-05T00:09:35.890622Z", "side": "BUY", "price": 115270.06, "quantity": 9e-05, "bot_name": "114483_2025_08_04_15:25:45", "mode": "test", "bot_run": "20250804_201132"}
{"timestamp": "2025-08-05T00:09:54.513617Z", "side": "BUY", "price": 115264.13, "quantity": 9e-05, "bot_name": "114362_2025_08_04_13:48:43", "mode": "test", "bot_run": "20250804_201123"}
{"timestamp": "2025-08-05T00:09:54.514279Z", "side": "BUY", "price": 115252.6, "quantity": 9e-05, "bot_name": "114362_2025_08_04_13:48:43", "mode": "test", "bot_run": "20250804_201123"}
{"timestamp": "2025-08-05T00:09:54.514586Z", "side": "BUY", "price": 115241.07, "quantity": 9e-05, "bot_name": "114362_2025_08_04_13:48:43", "mode": "test", "bot_run": "20250804_201123"}
{"timestamp": "2025-08-05T00:09:57.019871Z", "side": "BUY", "price": 115258.53, "quantity": 9e-05, "bot_name": "114483_2025_08_04_15:25:45", "mode": "test", "bot_run": "20250804_201132"}
{"timestamp": "2025-08-05T00:09:57.020404Z", "side": "BUY", "price": 115247.0, "quantity": 9e-05, "bot_name": "114483_2025_08_04_15:25:45", "mode": "test", "bot_run": "20250804_201132"}
{"timestamp": "2025-08-05T00:10:04.675041Z", "side": "BUY", "price": 115229.55, "quantity": 9e-05, "bot_name": "114362_2025_08_04_13:48:43", "mode": "test", "bot_run": "20250804_201123"}
{"timestamp": "2025-08-05T00:10:07.180340Z", "side": "BUY", "price": 115235.48, "quantity": 9e-05, "bot_name": "114483_2025_08_04_15:25:45", "mode": "test", "bot_run": "20250804_201132"}
{"timestamp": "2025-08-05T00:10:07.180833Z", "side": "BUY", "price": 115223.96, "quantity": 9e-05, "bot_name": "114483_2025_08_04_15:25:45", "mode": "test", "bot_run": "20250804_201132"}
{"timestamp": "2025-08-05T00:10:07.181184Z", "side": "BUY", "price": 115212.44, "quantity": 9e-05, "bot_name": "114483_2025_08_04_15:25:45", "mode": "test", "bot_run": "20250804_201132"}
{"timestamp": "2025-08-05T00:10:14.834161Z", "side": "BUY", "price": 115218.03, "quantity": 9e-05, "bot_name": "114362_2025_08_04_13:48:43", "mode": "test", "bot_run": "20250804_201123"}
{"timestamp": "2025-08-05T00:10:24.994069Z", "side": "SELL", "price": 115229.55, "quantity": 9e-05, "bot_name": "114362_2025_08_04_13:48:43", "mode": "test", "bot_run": "20250804_201123"}
{"timestamp": "2025-08-05T00:10:32.573728Z", "side": "SELL", "price": 115223.96, "quantity": 9e-05, "bot_name": "114483_2025_08_04_15:25:45", "mode": "test", "bot_run": "20250804_201132"}
{"timestamp": "2025-08-05T00:10:35.151450Z", "side": "BUY", "price": 115218.03, "quantity": 9e-05, "bot_name": "114362_2025_08_04_13:48:43", "mode": "test", "bot_run": "20250804_201123"}
{"timestamp": "2025-08-05T00:10:37.652505Z", "side": "BUY", "price": 115212.44, "quantity": 9e-05, "bot_name": "114483_2025_08_04_15:25:45", "mode": "test", "bot_run": "20250804_201132"}
{"timestamp": "2025-08-05T00:10:40.232513Z", "side": "BUY", "price": 115206.51, "quantity": 9e-05, "bot_name": "114362_2025_08_04_13:48:43", "mode": "test", "bot_run": "20250804_201123"}
{"timestamp": "2025-08-05T00:10:40.232978Z", "side": "BUY", "price": 115194.99, "quantity": 9e-05, "bot_name": "114362_2025_08_04_13:48:43", "mode": "test", "bot_run": "20250804_201123"}
{"timestamp": "2025-08-05T00:10:42.731604Z", "side": "BUY", "price": 115200.92, "quantity": 9e-05, "bot_name": "114483_2025_08_04_15:25:45", "mode": "test", "bot_run": "20250804_201132"}
{"timestamp": "2025-08-05T00:10:50.390068Z", "side": "SELL", "price": 115206.51, "quantity": 9e-05, "bot_name": "114362_2025_08_04_13:48:43", "mode": "test", "bot_run": "20250804_201123"}
{"timestamp": "2025-08-05T00:11:36.807420Z", "side": "SELL", "price": 115218.03, "quantity": 9e-05, "bot_name": "114362_2025_08_04_13:48:43", "mode": "test", "bot_run": "20250804_201123"}
{"timestamp": "2025-08-05T00:11:39.271691Z", "side": "SELL", "price": 115212.44, "quantity": 9e-05, "bot_name": "114483_2025_08_04_15:25:45", "mode": "test", "bot_run": "20250804_201132"}
{"timestamp": "2025-08-05T00:11:49.560575Z", "side": "SELL", "price": 115223.96, "quantity": 9e-05, "bot_name": "114483_2025_08_04_15:25:45", "mode": "test", "bot_run": "20250804_201132"}
{"timestamp": "2025-08-05T00:11:52.042527Z", "side": "SELL", "price": 115229.55, "quantity": 9e-05, "bot_name": "114362_2025_08_04_13:48:43", "mode": "test", "bot_run": "20250804_201123"}
{"timestamp": "2025-08-05T00:11:52.043051Z", "side": "SELL", "price": 115241.07, "quantity": 9e-05, "bot_name": "114362_2025_08_04_13:48:43", "mode": "test", "bot_run": "20250804_201123"}
{"timestamp": "2025-08-05T00:11:57.823904Z", "side": "BUY", "price": 115229.55, "quantity": 9e-05, "bot_name": "114362_2025_08_04_13:48:43", "mode": "test", "bot_run": "20250804_201123"}
{"timestamp": "2025-08-05T00:12:02.902694Z", "side": "BUY", "price": 115218.03, "quantity": 9e-05, "bot_name": "114362_2025_08_04_13:48:43", "mode": "test", "bot_run": "20250804_201123"}
{"timestamp": "2025-08-05T00:12:02.903139Z", "side": "BUY", "price": 115206.51, "quantity": 9e-05, "bot_name": "114362_2025_08_04_13:48:43", "mode": "test", "bot_run": "20250804_201123"}
{"timestamp": "2025-08-05T00:12:07.982341Z", "side": "SELL", "price": 115218.03, "quantity": 9e-05, "bot_name": "114362_2025_08_04_13:48:43", "mode": "test", "bot_run": "20250804_201123"}
{"timestamp": "2025-08-05T00:12:07.982879Z", "side": "SELL", "price": 115229.55, "quantity": 9e-05, "bot_name": "114362_2025_08_04_13:48:43", "mode": "test", "bot_run": "20250804_201123"}
{"timestamp": "2025-08-05T00:12:07.983253Z", "side": "SELL", "price": 115241.07, "quantity": 9e-05, "bot_name": "114362_2025_08_04_13:48:43", "mode": "test", "bot_run": "20250804_201123"}
{"timestamp": "2025-08-05T00:12:10.552448Z", "side": "SELL", "price": 115235.48, "quantity": 9e-05, "bot_name": "114483_2025_08_04_15:25:45", "mode": "test", "bot_run": "20250804_201132"}
{"timestamp": "2025-08-05T00:12:20.710411Z", "side": "SELL", "price": 115247.0, "quantity": 9e-05, "bot_name": "114483_2025_08_04_15:25:45", "mode": "test", "bot_run": "20250804_201132"}
{"timestamp": "2025-08-05T00:12:53.691989Z", "side": "SELL", "price": 115252.6, "quantity": 9e-05, "bot_name": "114362_2025_08_04_13:48:43", "mode": "test", "bot_run": "20250804_201123"}
{"timestamp": "2025-08-05T00:13:01.989893Z", "side": "SELL", "price": 115258.53, "quantity": 9e-05, "bot_name": "114483_2025_08_04_15:25:45", "mode": "test", "bot_run": "20250804_201132"}
{"timestamp": "2025-08-05T00:13:37.533160Z", "side": "BUY", "price": 115247.0, "quantity": 9e-05, "bot_name": "114483_2025_08_04_15:25:45", "mode": "test", "bot_run": "20250804_201132"}
{"timestamp": "2025-08-05T00:13:47.691553Z", "side": "SELL", "price": 115258.53, "quantity": 9e-05, "bot_name": "114483_2025_08_04_15:25:45", "mode": "test", "bot_run": "20250804_201132"}
{"timestamp": "2025-08-05T00:13:57.846691Z", "side": "BUY", "price": 115247.0, "quantity": 9e-05, "bot_name": "114483_2025_08_04_15:25:45", "mode": "test", "bot_run": "20250804_201132"}
{"timestamp": "2025-08-05T00:13:57.847120Z", "side": "BUY", "price": 115235.48, "quantity": 9e-05, "bot_name": "114483_2025_08_04_15:25:45", "mode": "test", "bot_run": "20250804_201132"}
{"timestamp": "2025-08-05T00:14:01.575324Z", "side": "BUY", "price": 115241.07, "quantity": 9e-05, "bot_name": "114362_2025_08_04_13:48:43", "mode": "test", "bot_run": "20250804_201123"}
{"timestamp": "2025-08-05T00:14:01.575775Z", "side": "BUY", "price": 115229.55, "quantity": 9e-05, "bot_name": "114362_2025_08_04_13:48:43", "mode": "test", "bot_run": "20250804_201123"}
{"timestamp": "2025-08-05T00:14:14.218145Z", "side": "BUY", "price": 115223.96, "quantity": 9e-05, "bot_name": "114483_2025_08_04_15:25:45", "mode": "test", "bot_run": "20250804_201132"}
{"timestamp": "2025-08-05T00:14:47.283183Z", "side": "SELL", "price": 115241.07, "quantity": 9e-05, "bot_name": "114362_2025_08_04_13:48:43", "mode": "test", "bot_run": "20250804_201123"}
{"timestamp": "2025-08-05T00:14:49.755546Z", "side": "SELL", "price": 115235.48, "quantity": 9e-05, "bot_name": "114483_2025_08_04_15:25:45", "mode": "test", "bot_run": "20250804_201132"}
{"timestamp": "2025-08-05T00:14:54.832638Z", "side": "BUY", "price": 115223.96, "quantity": 9e-05, "bot_name": "114483_2025_08_04_15:25:45", "mode": "test", "bot_run": "20250804_201132"}
{"timestamp": "2025-08-05T00:15:03.173346Z", "side": "BUY", "price": 115229.55, "quantity": 9e-05, "bot_name": "114362_2025_08_04_13:48:43", "mode": "test", "bot_run": "20250804_201123"}
{"timestamp": "2025-08-05T00:15:18.408630Z", "side": "BUY", "price": 115218.03, "quantity": 9e-05, "bot_name": "114362_2025_08_04_13:48:43", "mode": "test", "bot_run": "20250804_201123"}
{"timestamp": "2025-08-05T00:15:18.409110Z", "side": "BUY", "price": 115206.51, "quantity": 9e-05, "bot_name": "114362_2025_08_04_13:48:43", "mode": "test", "bot_run": "20250804_201123"}
{"timestamp": "2025-08-05T00:15:20.884875Z", "side": "BUY", "price": 115212.44, "quantity": 9e-05, "bot_name": "114483_2025_08_04_15:25:45", "mode": "test", "bot_run": "20250804_201132"}
{"timestamp": "2025-08-05T00:15:20.885290Z", "side": "BUY", "price": 115200.92, "quantity": 9e-05, "bot_name": "114483_2025_08_04_15:25:45", "mode": "test", "bot_run": "20250804_201132"}
{"timestamp": "2025-08-05T00:15:23.487354Z", "side": "BUY", "price": 115194.99, "quantity": 9e-05, "bot_name": "114362_2025_08_04_13:48:43", "mode": "test", "bot_run": "20250804_201123"}
{"timestamp": "2025-08-05T00:16:12.312525Z", "side": "BUY", "price": 115189.4, "quantity": 9e-05, "bot_name": "114483_2025_08_04_15:25:45", "mode": "test", "bot_run": "20250804_201132"}
{"timestamp": "2025-08-05T00:16:25.100786Z", "side": "BUY", "price": 115183.47, "quantity": 9e-05, "bot_name": "114362_2025_08_04_13:48:43", "mode": "test", "bot_run": "20250804_201123"}
{"timestamp": "2025-08-05T00:16:25.101365Z", "side": "BUY", "price": 115171.95, "quantity": 9e-05, "bot_name": "114362_2025_08_04_13:48:43", "mode": "test", "bot_run": "20250804_201123"}
{"timestamp": "2025-08-05T00:16:27.547990Z", "side": "BUY", "price": 115177.88, "quantity": 9e-05, "bot_name": "114483_2025_08_04_15:25:45", "mode": "test", "bot_run": "20250804_201132"}
{"timestamp": "2025-08-05T00:16:52.932712Z", "side": "BUY", "price": 115166.36, "quantity": 9e-05, "bot_name": "114483_2025_08_04_15:25:45", "mode": "test", "bot_run": "20250804_201132"}
{"timestamp": "2025-08-05T00:16:55.582953Z", "side": "BUY", "price": 115160.43, "quantity": 9e-05, "bot_name": "114362_2025_08_04_13:48:43", "mode": "test", "bot_run": "20250804_201123"}
{"timestamp": "2025-08-05T00:16:58.011029Z", "side": "BUY", "price": 115154.84, "quantity": 9e-05, "bot_name": "114483_2025_08_04_15:25:45", "mode": "test", "bot_run": "20250804_201132"}
{"timestamp": "2025-08-05T00:16:58.011859Z", "side": "BUY", "price": 115143.32, "quantity": 9e-05, "bot_name": "114483_2025_08_04_15:25:45", "mode": "test", "bot_run": "20250804_201132"}
{"timestamp": "2025-08-05T00:17:00.663288Z", "side": "BUY", "price": 115148.91, "quantity": 9e-05, "bot_name": "114362_2025_08_04_13:48:43", "mode": "test", "bot_run": "20250804_201123"}
{"timestamp": "2025-08-05T00:17:00.663726Z", "side": "BUY", "price": 115137.4, "quantity": 9e-05, "bot_name": "114362_2025_08_04_13:48:43", "mode": "test", "bot_run": "20250804_201123"}
{"timestamp": "2025-08-05T00:17:03.092125Z", "side": "BUY", "price": 115131.81, "quantity": 9e-05, "bot_name": "114483_2025_08_04_15:25:45", "mode": "test", "bot_run": "20250804_201132"}
{"timestamp": "2025-08-05T00:17:18.994326Z", "side": "BUY", "price": 115120.3, "quantity": 9e-05, "bot_name": "114483_2025_08_04_15:25:45", "mode": "test", "bot_run": "20250804_201132"}
{"timestamp": "2025-08-05T00:17:21.654898Z", "side": "SELL", "price": 115148.91, "quantity": 9e-05, "bot_name": "114362_2025_08_04_13:48:43", "mode": "test", "bot_run": "20250804_201123"}
{"timestamp": "2025-08-05T00:17:24.075178Z", "side": "SELL", "price": 115131.81, "quantity": 9e-05, "bot_name": "114483_2025_08_04_15:25:45", "mode": "test", "bot_run": "20250804_201132"}
{"timestamp": "2025-08-05T00:17:24.075919Z", "side": "SELL", "price": 115143.32, "quantity": 9e-05, "bot_name": "114483_2025_08_04_15:25:45", "mode": "test", "bot_run": "20250804_201132"}
{"timestamp": "2025-08-05T00:17:26.735106Z", "side": "BUY", "price": 115137.4, "quantity": 9e-05, "bot_name": "114362_2025_08_04_13:48:43", "mode": "test", "bot_run": "20250804_201123"}
{"timestamp": "2025-08-05T00:17:26.735496Z", "side": "BUY", "price": 115125.89, "quantity": 9e-05, "bot_name": "114362_2025_08_04_13:48:43", "mode": "test", "bot_run": "20250804_201123"}
{"timestamp": "2025-08-05T00:17:29.153205Z", "side": "BUY", "price": 115131.81, "quantity": 9e-05, "bot_name": "114483_2025_08_04_15:25:45", "mode": "test", "bot_run": "20250804_201132"}
{"timestamp": "2025-08-05T00:17:39.309154Z", "side": "BUY", "price": 115120.3, "quantity": 9e-05, "bot_name": "114483_2025_08_04_15:25:45", "mode": "test", "bot_run": "20250804_201132"}
{"timestamp": "2025-08-05T00:17:44.386062Z", "side": "SELL", "price": 115131.81, "quantity": 9e-05, "bot_name": "114483_2025_08_04_15:25:45", "mode": "test", "bot_run": "20250804_201132"}
{"timestamp": "2025-08-05T00:18:04.837243Z", "side": "SELL", "price": 115143.32, "quantity": 9e-05, "bot_name": "114483_2025_08_04_15:25:45", "mode": "test", "bot_run": "20250804_201132"}
{"timestamp": "2025-08-05T00:18:08.044449Z", "side": "SELL", "price": 115137.4, "quantity": 9e-05, "bot_name": "114362_2025_08_04_13:48:43", "mode": "test", "bot_run": "20250804_201123"}
{"timestamp": "2025-08-05T00:18:08.044895Z", "side": "SELL", "price": 115148.91, "quantity": 9e-05, "bot_name": "114362_2025_08_04_13:48:43", "mode": "test", "bot_run": "20250804_201123"}
{"timestamp": "2025-08-05T00:18:08.045224Z", "side": "SELL", "price": 115160.43, "quantity": 9e-05, "bot_name": "114362_2025_08_04_13:48:43", "mode": "test", "bot_run": "20250804_201123"}
{"timestamp": "2025-08-05T00:18:10.571230Z", "side": "SELL", "price": 115154.84, "quantity": 9e-05, "bot_name": "114483_2025_08_04_15:25:45", "mode": "test", "bot_run": "20250804_201132"}
{"timestamp": "2025-08-05T00:18:15.789675Z", "side": "SELL", "price": 115166.36, "quantity": 9e-05, "bot_name": "114483_2025_08_04_15:25:45", "mode": "test", "bot_run": "20250804_201132"}
{"timestamp": "2025-08-05T00:18:18.205086Z", "side": "SELL", "price": 115171.95, "quantity": 9e-05, "bot_name": "114362_2025_08_04_13:48:43", "mode": "test", "bot_run": "20250804_201123"}
{"timestamp": "2025-08-05T00:18:31.023068Z", "side": "SELL", "price": 115177.88, "quantity": 9e-05, "bot_name": "114483_2025_08_04_15:25:45", "mode": "test", "bot_run": "20250804_201132"}
{"timestamp": "2025-08-05T00:18:33.436457Z", "side": "SELL", "price": 115183.47, "quantity": 9e-05, "bot_name": "114362_2025_08_04_13:48:43", "mode": "test", "bot_run": "20250804_201123"}
{"timestamp": "2025-08-05T00:18:33.436695Z", "side": "SELL", "price": 115194.99, "quantity": 9e-05, "bot_name": "114362_2025_08_04_13:48:43", "mode": "test", "bot_run": "20250804_201123"}
{"timestamp": "2025-08-05T00:18:36.102453Z", "side": "BUY", "price": 115166.36, "quantity": 9e-05, "bot_name": "114483_2025_08_04_15:25:45", "mode": "test", "bot_run": "20250804_201132"}
{"timestamp": "2025-08-05T00:18:38.514912Z", "side": "BUY", "price": 115183.47, "quantity": 9e-05, "bot_name": "114362_2025_08_04_13:48:43", "mode": "test", "bot_run": "20250804_201123"}
{"timestamp": "2025-08-05T00:18:38.515342Z", "side": "BUY", "price": 115171.95, "quantity": 9e-05, "bot_name": "114362_2025_08_04_13:48:43", "mode": "test", "bot_run": "20250804_201123"}
{"timestamp": "2025-08-05T00:18:38.515633Z", "side": "BUY", "price": 115160.43, "quantity": 9e-05, "bot_name": "114362_2025_08_04_13:48:43", "mode": "test", "bot_run": "20250804_201123"}
{"timestamp": "2025-08-05T00:18:41.181467Z", "side": "BUY", "price": 115154.84, "quantity": 9e-05, "bot_name": "114483_2025_08_04_15:25:45", "mode": "test", "bot_run": "20250804_201132"}
{"timestamp": "2025-08-05T00:18:43.595135Z", "side": "BUY", "price": 115148.91, "quantity": 9e-05, "bot_name": "114362_2025_08_04_13:48:43", "mode": "test", "bot_run": "20250804_201123"}
{"timestamp": "2025-08-05T00:18:46.258304Z", "side": "BUY", "price": 115143.32, "quantity": 9e-05, "bot_name": "114483_2025_08_04_15:25:45", "mode": "test", "bot_run": "20250804_201132"}
{"timestamp": "2025-08-05T00:19:03.909830Z", "side": "BUY", "price": 115137.4, "quantity": 9e-05, "bot_name": "114362_2025_08_04_13:48:43", "mode": "test", "bot_run": "20250804_201123"}
{"timestamp": "2025-08-05T00:19:12.307764Z", "side": "BUY", "price": 115131.81, "quantity": 9e-05, "bot_name": "114483_2025_08_04_15:25:45", "mode": "test", "bot_run": "20250804_201132"}
{"timestamp": "2025-08-05T00:19:12.308266Z", "side": "BUY", "price": 115120.3, "quantity": 9e-05, "bot_name": "114483_2025_08_04_15:25:45", "mode": "test", "bot_run": "20250804_201132"}
{"timestamp": "2025-08-05T00:19:14.742430Z", "side": "BUY", "price": 115125.89, "quantity": 9e-05, "bot_name": "114362_2025_08_04_13:48:43", "mode": "test", "bot_run": "20250804_201123"}
{"timestamp": "2025-08-05T00:19:22.463956Z", "side": "SELL", "price": 115131.81, "quantity": 9e-05, "bot_name": "114483_2025_08_04_15:25:45", "mode": "test", "bot_run": "20250804_201132"}
{"timestamp": "2025-08-05T00:19:22.464388Z", "side": "SELL", "price": 115143.32, "quantity": 9e-05, "bot_name": "114483_2025_08_04_15:25:45", "mode": "test", "bot_run": "20250804_201132"}
{"timestamp": "2025-08-05T00:19:32.621777Z", "side": "BUY", "price": 115131.81, "quantity": 9e-05, "bot_name": "114483_2025_08_04_15:25:45", "mode": "test", "bot_run": "20250804_201132"}
{"timestamp": "2025-08-05T00:19:52.931631Z", "side": "BUY", "price": 115120.3, "quantity": 9e-05, "bot_name": "114483_2025_08_04_15:25:45", "mode": "test", "bot_run": "20250804_201132"}
{"timestamp": "2025-08-05T00:20:00.454915Z", "side": "BUY", "price": 115114.38, "quantity": 9e-05, "bot_name": "114362_2025_08_04_13:48:43", "mode": "test", "bot_run": "20250804_201123"}
{"timestamp": "2025-08-05T00:20:26.500669Z", "side": "SELL", "price": 115125.89, "quantity": 9e-05, "bot_name": "114362_2025_08_04_13:48:43", "mode": "test", "bot_run": "20250804_201123"}
{"timestamp": "2025-08-05T00:21:28.117956Z", "side": "BUY", "price": 115114.38, "quantity": 9e-05, "bot_name": "114362_2025_08_04_13:48:43", "mode": "test", "bot_run": "20250804_201123"}
{"timestamp": "2025-08-05T00:21:30.740947Z", "side": "BUY", "price": 115108.79, "quantity": 9e-05, "bot_name": "114483_2025_08_04_15:25:45", "mode": "test", "bot_run": "20250804_201132"}
{"timestamp": "2025-08-05T00:21:43.352863Z", "side": "BUY", "price": 115102.87, "quantity": 9e-05, "bot_name": "114362_2025_08_04_13:48:43", "mode": "test", "bot_run": "20250804_201123"}
{"timestamp": "2025-08-05T00:21:51.055000Z", "side": "BUY", "price": 115097.28, "quantity": 9e-05, "bot_name": "114483_2025_08_04_15:25:45", "mode": "test", "bot_run": "20250804_201132"}
{"timestamp": "2025-08-05T00:22:06.289875Z", "side": "SELL", "price": 115108.79, "quantity": 9e-05, "bot_name": "114483_2025_08_04_15:25:45", "mode": "test", "bot_run": "20250804_201132"}
{"timestamp": "2025-08-05T00:22:06.290288Z", "side": "SELL", "price": 115120.3, "quantity": 9e-05, "bot_name": "114483_2025_08_04_15:25:45", "mode": "test", "bot_run": "20250804_201132"}
{"timestamp": "2025-08-05T00:22:08.746007Z", "side": "SELL", "price": 115114.38, "quantity": 9e-05, "bot_name": "114362_2025_08_04_13:48:43", "mode": "test", "bot_run": "20250804_201123"}
{"timestamp": "2025-08-05T00:22:17.114992Z", "side": "BUY", "price": 115108.79, "quantity": 9e-05, "bot_name": "114483_2025_08_04_15:25:45", "mode": "test", "bot_run": "20250804_201132"}
{"timestamp": "2025-08-05T00:22:17.115728Z", "side": "BUY", "price": 115097.28, "quantity": 9e-05, "bot_name": "114483_2025_08_04_15:25:45", "mode": "test", "bot_run": "20250804_201132"}
{"timestamp": "2025-08-05T00:22:19.574992Z", "side": "BUY", "price": 115102.87, "quantity": 9e-05, "bot_name": "114362_2025_08_04_13:48:43", "mode": "test", "bot_run": "20250804_201123"}
{"timestamp": "2025-08-05T00:22:37.426282Z", "side": "SELL", "price": 115108.79, "quantity": 9e-05, "bot_name": "114483_2025_08_04_15:25:45", "mode": "test", "bot_run": "20250804_201132"}
{"timestamp": "2025-08-05T00:22:42.504088Z", "side": "BUY", "price": 115097.28, "quantity": 9e-05, "bot_name": "114483_2025_08_04_15:25:45", "mode": "test", "bot_run": "20250804_201132"}
{"timestamp": "2025-08-05T00:22:57.737503Z", "side": "SELL", "price": 115108.79, "quantity": 9e-05, "bot_name": "114483_2025_08_04_15:25:45", "mode": "test", "bot_run": "20250804_201132"}
{"timestamp": "2025-08-05T00:23:12.971912Z", "side": "SELL", "price": 115120.3, "quantity": 9e-05, "bot_name": "114483_2025_08_04_15:25:45", "mode": "test", "bot_run": "20250804_201132"}
{"timestamp": "2025-08-05T00:23:12.972320Z", "side": "SELL", "price": 115131.81, "quantity": 9e-05, "bot_name": "114483_2025_08_04_15:25:45", "mode": "test", "bot_run": "20250804_201132"}
{"timestamp": "2025-08-05T00:23:12.972693Z", "side": "SELL", "price": 115143.32, "quantity": 9e-05, "bot_name": "114483_2025_08_04_15:25:45", "mode": "test", "bot_run": "20250804_201132"}
{"timestamp": "2025-08-05T00:23:16.115577Z", "side": "SELL", "price": 115114.38, "quantity": 9e-05, "bot_name": "114362_2025_08_04_13:48:43", "mode": "test", "bot_run": "20250804_201123"}
{"timestamp": "2025-08-05T00:23:16.116021Z", "side": "SELL", "price": 115125.89, "quantity": 9e-05, "bot_name": "114362_2025_08_04_13:48:43", "mode": "test", "bot_run": "20250804_201123"}
{"timestamp": "2025-08-05T00:23:16.116309Z", "side": "SELL", "price": 115137.4, "quantity": 9e-05, "bot_name": "114362_2025_08_04_13:48:43", "mode": "test", "bot_run": "20250804_201123"}
{"timestamp": "2025-08-05T00:23:21.196614Z", "side": "SELL", "price": 115148.91, "quantity": 9e-05, "bot_name": "114362_2025_08_04_13:48:43", "mode": "test", "bot_run": "20250804_201123"}
{"timestamp": "2025-08-05T00:23:23.790954Z", "side": "SELL", "price": 115154.84, "quantity": 9e-05, "bot_name": "114483_2025_08_04_15:25:45", "mode": "test", "bot_run": "20250804_201132"}
{"timestamp": "2025-08-05T00:23:23.791408Z", "side": "SELL", "price": 115166.36, "quantity": 9e-05, "bot_name": "114483_2025_08_04_15:25:45", "mode": "test", "bot_run": "20250804_201132"}
{"timestamp": "2025-08-05T00:23:31.353963Z", "side": "SELL", "price": 115160.43, "quantity": 9e-05, "bot_name": "114362_2025_08_04_13:48:43", "mode": "test", "bot_run": "20250804_201123"}
{"timestamp": "2025-08-05T00:23:39.026951Z", "side": "SELL", "price": 115177.88, "quantity": 9e-05, "bot_name": "114483_2025_08_04_15:25:45", "mode": "test", "bot_run": "20250804_201132"}
{"timestamp": "2025-08-05T00:23:41.513439Z", "side": "SELL", "price": 115171.95, "quantity": 9e-05, "bot_name": "114362_2025_08_04_13:48:43", "mode": "test", "bot_run": "20250804_201123"}
{"timestamp": "2025-08-05T00:24:04.418671Z", "side": "BUY", "price": 115166.36, "quantity": 9e-05, "bot_name": "114483_2025_08_04_15:25:45", "mode": "test", "bot_run": "20250804_201132"}
{"timestamp": "2025-08-05T00:24:06.908957Z", "side": "BUY", "price": 115160.43, "quantity": 9e-05, "bot_name": "114362_2025_08_04_13:48:43", "mode": "test", "bot_run": "20250804_201123"}
{"timestamp": "2025-08-05T00:24:09.499929Z", "side": "BUY", "price": 115154.84, "quantity": 9e-05, "bot_name": "114483_2025_08_04_15:25:45", "mode": "test", "bot_run": "20250804_201132"}
{"timestamp": "2025-08-05T00:24:17.742012Z", "side": "BUY", "price": 115148.91, "quantity": 9e-05, "bot_name": "114362_2025_08_04_13:48:43", "mode": "test", "bot_run": "20250804_201123"}
{"timestamp": "2025-08-05T00:24:17.742443Z", "side": "BUY", "price": 115137.4, "quantity": 9e-05, "bot_name": "114362_2025_08_04_13:48:43", "mode": "test", "bot_run": "20250804_201123"}
{"timestamp": "2025-08-05T00:24:20.319860Z", "side": "BUY", "price": 115143.32, "quantity": 9e-05, "bot_name": "114483_2025_08_04_15:25:45", "mode": "test", "bot_run": "20250804_201132"}
{"timestamp": "2025-08-05T00:24:20.320492Z", "side": "BUY", "price": 115131.81, "quantity": 9e-05, "bot_name": "114483_2025_08_04_15:25:45", "mode": "test", "bot_run": "20250804_201132"}
{"timestamp": "2025-08-05T00:24:27.902495Z", "side": "BUY", "price": 115125.89, "quantity": 9e-05, "bot_name": "114362_2025_08_04_13:48:43", "mode": "test", "bot_run": "20250804_201123"}
{"timestamp": "2025-08-05T00:24:30.475475Z", "side": "BUY", "price": 115120.3, "quantity": 9e-05, "bot_name": "114483_2025_08_04_15:25:45", "mode": "test", "bot_run": "20250804_201132"}
{"timestamp": "2025-08-05T00:24:35.552964Z", "side": "SELL", "price": 115131.81, "quantity": 9e-05, "bot_name": "114483_2025_08_04_15:25:45", "mode": "test", "bot_run": "20250804_201132"}
{"timestamp": "2025-08-05T00:24:38.059204Z", "side": "SELL", "price": 115137.4, "quantity": 9e-05, "bot_name": "114362_2025_08_04_13:48:43", "mode": "test", "bot_run": "20250804_201123"}
{"timestamp": "2025-08-05T00:24:40.631977Z", "side": "SELL", "price": 115143.32, "quantity": 9e-05, "bot_name": "114483_2025_08_04_15:25:45", "mode": "test", "bot_run": "20250804_201132"}
{"timestamp": "2025-08-05T00:24:43.140156Z", "side": "SELL", "price": 115148.91, "quantity": 9e-05, "bot_name": "114362_2025_08_04_13:48:43", "mode": "test", "bot_run": "20250804_201123"}
{"timestamp": "2025-08-05T00:25:19.370911Z", "side": "BUY", "price": 115137.4, "quantity": 9e-05, "bot_name": "114362_2025_08_04_13:48:43", "mode": "test", "bot_run": "20250804_201123"}
{"timestamp": "2025-08-05T00:25:21.934538Z", "side": "BUY", "price": 115131.81, "quantity": 9e-05, "bot_name": "114483_2025_08_04_15:25:45", "mode": "test", "bot_run": "20250804_201132"}
{"timestamp": "2025-08-05T00:25:21.935043Z", "side": "BUY", "price": 115120.3, "quantity": 9e-05, "bot_name": "114483_2025_08_04_15:25:45", "mode": "test", "bot_run": "20250804_201132"}
{"timestamp": "2025-08-05T00:25:24.450168Z", "side": "BUY", "price": 115125.89, "quantity": 9e-05, "bot_name": "114362_2025_08_04_13:48:43", "mode": "test", "bot_run": "20250804_201123"}
{"timestamp": "2025-08-05T00:25:24.450704Z", "side": "BUY", "price": 115114.38, "quantity": 9e-05, "bot_name": "114362_2025_08_04_13:48:43", "mode": "test", "bot_run": "20250804_201123"}
{"timestamp": "2025-08-05T00:25:37.166972Z", "side": "BUY", "price": 115108.79, "quantity": 9e-05, "bot_name": "114483_2025_08_04_15:25:45", "mode": "test", "bot_run": "20250804_201132"}
{"timestamp": "2025-08-05T00:25:54.936956Z", "side": "BUY", "price": 115102.87, "quantity": 9e-05, "bot_name": "114362_2025_08_04_13:48:43", "mode": "test", "bot_run": "20250804_201123"}
{"timestamp": "2025-08-05T00:25:54.937448Z", "side": "BUY", "price": 115091.36, "quantity": 9e-05, "bot_name": "114362_2025_08_04_13:48:43", "mode": "test", "bot_run": "20250804_201123"}
{"timestamp": "2025-08-05T00:25:57.476256Z", "side": "BUY", "price": 115097.28, "quantity": 9e-05, "bot_name": "114483_2025_08_04_15:25:45", "mode": "test", "bot_run": "20250804_201132"}
{"timestamp": "2025-08-05T00:26:15.252353Z", "side": "BUY", "price": 115079.85, "quantity": 9e-05, "bot_name": "114362_2025_08_04_13:48:43", "mode": "test", "bot_run": "20250804_201123"}
{"timestamp": "2025-08-05T00:26:17.792242Z", "side": "BUY", "price": 115085.77, "quantity": 9e-05, "bot_name": "114483_2025_08_04_15:25:45", "mode": "test", "bot_run": "20250804_201132"}
{"timestamp": "2025-08-05T00:26:33.682973Z", "side": "BUY", "price": 115074.26, "quantity": 9e-05, "bot_name": "114483_2025_08_04_15:25:45", "mode": "test", "bot_run": "20250804_201132"}
{"timestamp": "2025-08-05T00:27:04.153599Z", "side": "SELL", "price": 115085.77, "quantity": 9e-05, "bot_name": "114483_2025_08_04_15:25:45", "mode": "test", "bot_run": "20250804_201132"}
{"timestamp": "2025-08-05T00:27:11.808051Z", "side": "BUY", "price": 115068.34, "quantity": 9e-05, "bot_name": "114362_2025_08_04_13:48:43", "mode": "test", "bot_run": "20250804_201123"}
{"timestamp": "2025-08-05T00:27:14.308657Z", "side": "BUY", "price": 115074.26, "quantity": 9e-05, "bot_name": "114483_2025_08_04_15:25:45", "mode": "test", "bot_run": "20250804_201132"}
{"timestamp": "2025-08-05T00:27:27.719664Z", "side": "SELL", "price": 115079.85, "quantity": 9e-05, "bot_name": "114362_2025_08_04_13:48:43", "mode": "test", "bot_run": "20250804_201123"}
{"timestamp": "2025-08-05T00:27:30.207854Z", "side": "SELL", "price": 115085.77, "quantity": 9e-05, "bot_name": "114483_2025_08_04_15:25:45", "mode": "test", "bot_run": "20250804_201132"}
{"timestamp": "2025-08-05T00:27:30.208356Z", "side": "SELL", "price": 115097.28, "quantity": 9e-05, "bot_name": "114483_2025_08_04_15:25:45", "mode": "test", "bot_run": "20250804_201132"}
{"timestamp": "2025-08-05T00:27:32.798628Z", "side": "SELL", "price": 115091.36, "quantity": 9e-05, "bot_name": "114362_2025_08_04_13:48:43", "mode": "test", "bot_run": "20250804_201123"}
{"timestamp": "2025-08-05T00:27:32.799085Z", "side": "SELL", "price": 115102.87, "quantity": 9e-05, "bot_name": "114362_2025_08_04_13:48:43", "mode": "test", "bot_run": "20250804_201123"}
{"timestamp": "2025-08-05T00:27:35.287661Z", "side": "SELL", "price": 115108.79, "quantity": 9e-05, "bot_name": "114483_2025_08_04_15:25:45", "mode": "test", "bot_run": "20250804_201132"}
{"timestamp": "2025-08-05T00:27:42.957146Z", "side": "SELL", "price": 115114.38, "quantity": 9e-05, "bot_name": "114362_2025_08_04_13:48:43", "mode": "test", "bot_run": "20250804_201123"}
{"timestamp": "2025-08-05T00:27:55.595536Z", "side": "SELL", "price": 115120.3, "quantity": 9e-05, "bot_name": "114483_2025_08_04_15:25:45", "mode": "test", "bot_run": "20250804_201132"}
{"timestamp": "2025-08-05T00:27:58.195740Z", "side": "SELL", "price": 115125.89, "quantity": 9e-05, "bot_name": "114362_2025_08_04_13:48:43", "mode": "test", "bot_run": "20250804_201123"}
{"timestamp": "2025-08-05T00:28:03.277061Z", "side": "BUY", "price": 115114.38, "quantity": 9e-05, "bot_name": "114362_2025_08_04_13:48:43", "mode": "test", "bot_run": "20250804_201123"}
{"timestamp": "2025-08-05T00:28:10.828415Z", "side": "BUY", "price": 115108.79, "quantity": 9e-05, "bot_name": "114483_2025_08_04_15:25:45", "mode": "test", "bot_run": "20250804_201132"}
{"timestamp": "2025-08-05T00:29:25.888487Z", "side": "BUY", "price": 115102.87, "quantity": 9e-05, "bot_name": "114362_2025_08_04_13:48:43", "mode": "test", "bot_run": "20250804_201123"}
{"timestamp": "2025-08-05T00:30:03.865727Z", "side": "BUY", "price": 115097.28, "quantity": 9e-05, "bot_name": "114483_2025_08_04_15:25:45", "mode": "test", "bot_run": "20250804_201132"}
{"timestamp": "2025-08-05T00:30:08.943775Z", "side": "SELL", "price": 115108.79, "quantity": 9e-05, "bot_name": "114483_2025_08_04_15:25:45", "mode": "test", "bot_run": "20250804_201132"}
{"timestamp": "2025-08-05T00:30:11.596910Z", "side": "SELL", "price": 115114.38, "quantity": 9e-05, "bot_name": "114362_2025_08_04_13:48:43", "mode": "test", "bot_run": "20250804_201123"}
{"timestamp": "2025-08-05T00:31:03.036555Z", "side": "SELL", "price": 115125.89, "quantity": 9e-05, "bot_name": "114362_2025_08_04_13:48:43", "mode": "test", "bot_run": "20250804_201123"}
{"timestamp": "2025-08-05T00:31:05.469348Z", "side": "SELL", "price": 115120.3, "quantity": 9e-05, "bot_name": "114483_2025_08_04_15:25:45", "mode": "test", "bot_run": "20250804_201132"}
{"timestamp": "2025-08-05T00:31:10.548277Z", "side": "SELL", "price": 115131.81, "quantity": 9e-05, "bot_name": "114483_2025_08_04_15:25:45", "mode": "test", "bot_run": "20250804_201132"}
{"timestamp": "2025-08-05T00:31:39.261939Z", "side": "BUY", "price": 115114.38, "quantity": 9e-05, "bot_name": "114362_2025_08_04_13:48:43", "mode": "test", "bot_run": "20250804_201123"}
{"timestamp": "2025-08-05T00:31:41.679445Z", "side": "BUY", "price": 115120.3, "quantity": 9e-05, "bot_name": "114483_2025_08_04_15:25:45", "mode": "test", "bot_run": "20250804_201132"}
{"timestamp": "2025-08-05T00:31:41.680233Z", "side": "BUY", "price": 115108.79, "quantity": 9e-05, "bot_name": "114483_2025_08_04_15:25:45", "mode": "test", "bot_run": "20250804_201132"}
{"timestamp": "2025-08-05T00:31:44.341409Z", "side": "BUY", "price": 115102.87, "quantity": 9e-05, "bot_name": "114362_2025_08_04_13:48:43", "mode": "test", "bot_run": "20250804_201123"}
{"timestamp": "2025-08-05T00:32:14.814436Z", "side": "SELL", "price": 115114.38, "quantity": 9e-05, "bot_name": "114362_2025_08_04_13:48:43", "mode": "test", "bot_run": "20250804_201123"}
{"timestamp": "2025-08-05T00:32:14.814871Z", "side": "SELL", "price": 115125.89, "quantity": 9e-05, "bot_name": "114362_2025_08_04_13:48:43", "mode": "test", "bot_run": "20250804_201123"}
{"timestamp": "2025-08-05T00:32:17.220937Z", "side": "SELL", "price": 115120.3, "quantity": 9e-05, "bot_name": "114483_2025_08_04_15:25:45", "mode": "test", "bot_run": "20250804_201132"}
{"timestamp": "2025-08-05T00:32:17.221731Z", "side": "SELL", "price": 115131.81, "quantity": 9e-05, "bot_name": "114483_2025_08_04_15:25:45", "mode": "test", "bot_run": "20250804_201132"}
{"timestamp": "2025-08-05T00:32:19.894723Z", "side": "SELL", "price": 115137.4, "quantity": 9e-05, "bot_name": "114362_2025_08_04_13:48:43", "mode": "test", "bot_run": "20250804_201123"}
{"timestamp": "2025-08-05T00:32:19.895152Z", "side": "SELL", "price": 115148.91, "quantity": 9e-05, "bot_name": "114362_2025_08_04_13:48:43", "mode": "test", "bot_run": "20250804_201123"}
{"timestamp": "2025-08-05T00:32:22.302786Z", "side": "SELL", "price": 115143.32, "quantity": 9e-05, "bot_name": "114483_2025_08_04_15:25:45", "mode": "test", "bot_run": "20250804_201132"}
{"timestamp": "2025-08-05T00:32:22.303589Z", "side": "SELL", "price": 115154.84, "quantity": 9e-05, "bot_name": "114483_2025_08_04_15:25:45", "mode": "test", "bot_run": "20250804_201132"}
{"timestamp": "2025-08-05T00:32:22.304176Z", "side": "SELL", "price": 115166.36, "quantity": 9e-05, "bot_name": "114483_2025_08_04_15:25:45", "mode": "test", "bot_run": "20250804_201132"}
{"timestamp": "2025-08-05T00:32:24.974865Z", "side": "SELL", "price": 115160.43, "quantity": 9e-05, "bot_name": "114362_2025_08_04_13:48:43", "mode": "test", "bot_run": "20250804_201123"}
{"timestamp": "2025-08-05T00:32:27.381909Z", "side": "SELL", "price": 115177.88, "quantity": 9e-05, "bot_name": "114483_2025_08_04_15:25:45", "mode": "test", "bot_run": "20250804_201132"}
{"timestamp": "2025-08-05T00:32:30.732217Z", "side": "SELL", "price": 115171.95, "quantity": 9e-05, "bot_name": "114362_2025_08_04_13:48:43", "mode": "test", "bot_run": "20250804_201123"}
{"timestamp": "2025-08-05T00:32:35.811941Z", "side": "SELL", "price": 115183.47, "quantity": 9e-05, "bot_name": "114362_2025_08_04_13:48:43", "mode": "test", "bot_run": "20250804_201123"}
{"timestamp": "2025-08-05T00:32:53.432501Z", "side": "SELL", "price": 115189.4, "quantity": 9e-05, "bot_name": "114483_2025_08_04_15:25:45", "mode": "test", "bot_run": "20250804_201132"}
{"timestamp": "2025-08-05T00:33:03.584740Z", "side": "BUY", "price": 115177.88, "quantity": 9e-05, "bot_name": "114483_2025_08_04_15:25:45", "mode": "test", "bot_run": "20250804_201132"}
{"timestamp": "2025-08-05T00:33:06.283707Z", "side": "BUY", "price": 115171.95, "quantity": 9e-05, "bot_name": "114362_2025_08_04_13:48:43", "mode": "test", "bot_run": "20250804_201123"}
{"timestamp": "2025-08-05T00:33:13.741027Z", "side": "BUY", "price": 115166.36, "quantity": 9e-05, "bot_name": "114483_2025_08_04_15:25:45", "mode": "test", "bot_run": "20250804_201132"}
{"timestamp": "2025-08-05T00:33:21.518967Z", "side": "BUY", "price": 115160.43, "quantity": 9e-05, "bot_name": "114362_2025_08_04_13:48:43", "mode": "test", "bot_run": "20250804_201123"}
{"timestamp": "2025-08-05T00:33:23.898073Z", "side": "BUY", "price": 115154.84, "quantity": 9e-05, "bot_name": "114483_2025_08_04_15:25:45", "mode": "test", "bot_run": "20250804_201132"}
{"timestamp": "2025-08-05T00:33:28.977409Z", "side": "SELL", "price": 115166.36, "quantity": 9e-05, "bot_name": "114483_2025_08_04_15:25:45", "mode": "test", "bot_run": "20250804_201132"}
{"timestamp": "2025-08-05T00:34:18.050918Z", "side": "SELL", "price": 115171.95, "quantity": 9e-05, "bot_name": "114362_2025_08_04_13:48:43", "mode": "test", "bot_run": "20250804_201123"}
{"timestamp": "2025-08-05T00:34:18.051345Z", "side": "SELL", "price": 115183.47, "quantity": 9e-05, "bot_name": "114362_2025_08_04_13:48:43", "mode": "test", "bot_run": "20250804_201123"}
{"timestamp": "2025-08-05T00:34:20.417645Z", "side": "SELL", "price": 115177.88, "quantity": 9e-05, "bot_name": "114483_2025_08_04_15:25:45", "mode": "test", "bot_run": "20250804_201132"}
{"timestamp": "2025-08-05T00:34:20.418256Z", "side": "SELL", "price": 115189.4, "quantity": 9e-05, "bot_name": "114483_2025_08_04_15:25:45", "mode": "test", "bot_run": "20250804_201132"}
{"timestamp": "2025-08-05T00:34:23.130797Z", "side": "SELL", "price": 115194.99, "quantity": 9e-05, "bot_name": "114362_2025_08_04_13:48:43", "mode": "test", "bot_run": "20250804_201123"}
{"timestamp": "2025-08-05T00:34:25.497887Z", "side": "SELL", "price": 115200.92, "quantity": 9e-05, "bot_name": "114483_2025_08_04_15:25:45", "mode": "test", "bot_run": "20250804_201132"}
{"timestamp": "2025-08-05T00:34:28.212136Z", "side": "BUY", "price": 115183.47, "quantity": 9e-05, "bot_name": "114362_2025_08_04_13:48:43", "mode": "test", "bot_run": "20250804_201123"}
{"timestamp": "2025-08-05T00:34:30.576336Z", "side": "BUY", "price": 115189.4, "quantity": 9e-05, "bot_name": "114483_2025_08_04_15:25:45", "mode": "test", "bot_run": "20250804_201132"}
{"timestamp": "2025-08-05T00:34:59.362942Z", "side": "SELL", "price": 115194.99, "quantity": 9e-05, "bot_name": "114362_2025_08_04_13:48:43", "mode": "test", "bot_run": "20250804_201123"}
{"timestamp": "2025-08-05T00:34:59.363382Z", "side": "SELL", "price": 115206.51, "quantity": 9e-05, "bot_name": "114362_2025_08_04_13:48:43", "mode": "test", "bot_run": "20250804_201123"}
{"timestamp": "2025-08-05T00:35:01.707838Z", "side": "SELL", "price": 115200.92, "quantity": 9e-05, "bot_name": "114483_2025_08_04_15:25:45", "mode": "test", "bot_run": "20250804_201132"}
{"timestamp": "2025-08-05T00:35:01.708317Z", "side": "SELL", "price": 115212.44, "quantity": 9e-05, "bot_name": "114483_2025_08_04_15:25:45", "mode": "test", "bot_run": "20250804_201132"}
{"timestamp": "2025-08-05T00:35:01.708651Z", "side": "SELL", "price": 115223.96, "quantity": 9e-05, "bot_name": "114483_2025_08_04_15:25:45", "mode": "test", "bot_run": "20250804_201132"}
{"timestamp": "2025-08-05T00:35:04.443375Z", "side": "SELL", "price": 115218.03, "quantity": 9e-05, "bot_name": "114362_2025_08_04_13:48:43", "mode": "test", "bot_run": "20250804_201123"}
{"timestamp": "2025-08-05T00:35:11.865008Z", "side": "SELL", "price": 115235.48, "quantity": 9e-05, "bot_name": "114483_2025_08_04_15:25:45", "mode": "test", "bot_run": "20250804_201132"}
{"timestamp": "2025-08-05T00:35:14.599784Z", "side": "SELL", "price": 115229.55, "quantity": 9e-05, "bot_name": "114362_2025_08_04_13:48:43", "mode": "test", "bot_run": "20250804_201123"}
{"timestamp": "2025-08-05T00:35:14.600215Z", "side": "SELL", "price": 115241.07, "quantity": 9e-05, "bot_name": "114362_2025_08_04_13:48:43", "mode": "test", "bot_run": "20250804_201123"}
{"timestamp": "2025-08-05T00:35:19.679660Z", "side": "BUY", "price": 115229.55, "quantity": 9e-05, "bot_name": "114362_2025_08_04_13:48:43", "mode": "test", "bot_run": "20250804_201123"}
{"timestamp": "2025-08-05T00:35:27.101376Z", "side": "BUY", "price": 115223.96, "quantity": 9e-05, "bot_name": "114483_2025_08_04_15:25:45", "mode": "test", "bot_run": "20250804_201132"}
{"timestamp": "2025-08-05T00:35:29.837382Z", "side": "BUY", "price": 115218.03, "quantity": 9e-05, "bot_name": "114362_2025_08_04_13:48:43", "mode": "test", "bot_run": "20250804_201123"}
{"timestamp": "2025-08-05T00:35:35.597213Z", "side": "SELL", "price": 115229.55, "quantity": 9e-05, "bot_name": "114362_2025_08_04_13:48:43", "mode": "test", "bot_run": "20250804_201123"}
{"timestamp": "2025-08-05T00:35:35.597631Z", "side": "SELL", "price": 115241.07, "quantity": 9e-05, "bot_name": "114362_2025_08_04_13:48:43", "mode": "test", "bot_run": "20250804_201123"}
{"timestamp": "2025-08-05T00:35:42.998539Z", "side": "SELL", "price": 115235.48, "quantity": 9e-05, "bot_name": "114483_2025_08_04_15:25:45", "mode": "test", "bot_run": "20250804_201132"}
{"timestamp": "2025-08-05T00:35:45.756399Z", "side": "SELL", "price": 115252.6, "quantity": 9e-05, "bot_name": "114362_2025_08_04_13:48:43", "mode": "test", "bot_run": "20250804_201123"}
{"timestamp": "2025-08-05T00:35:48.078469Z", "side": "SELL", "price": 115247.0, "quantity": 9e-05, "bot_name": "114483_2025_08_04_15:25:45", "mode": "test", "bot_run": "20250804_201132"}
{"timestamp": "2025-08-05T00:36:03.310895Z", "side": "SELL", "price": 115258.53, "quantity": 9e-05, "bot_name": "114483_2025_08_04_15:25:45", "mode": "test", "bot_run": "20250804_201132"}
{"timestamp": "2025-08-05T00:36:11.150650Z", "side": "SELL", "price": 115264.13, "quantity": 9e-05, "bot_name": "114362_2025_08_04_13:48:43", "mode": "test", "bot_run": "20250804_201123"}
{"timestamp": "2025-08-05T00:36:13.466813Z", "side": "SELL", "price": 115270.06, "quantity": 9e-05, "bot_name": "114483_2025_08_04_15:25:45", "mode": "test", "bot_run": "20250804_201132"}
{"timestamp": "2025-08-05T00:36:23.621138Z", "side": "BUY", "price": 115258.53, "quantity": 9e-05, "bot_name": "114483_2025_08_04_15:25:45", "mode": "test", "bot_run": "20250804_201132"}
{"timestamp": "2025-08-05T00:36:44.590156Z", "side": "SELL", "price": 115270.06, "quantity": 9e-05, "bot_name": "114483_2025_08_04_15:25:45", "mode": "test", "bot_run": "20250804_201132"}
{"timestamp": "2025-08-05T00:36:52.450959Z", "side": "SELL", "price": 115275.66, "quantity": 9e-05, "bot_name": "114362_2025_08_04_13:48:43", "mode": "test", "bot_run": "20250804_201123"}
{"timestamp": "2025-08-05T00:36:52.451353Z", "side": "SELL", "price": 115287.19, "quantity": 9e-05, "bot_name": "114362_2025_08_04_13:48:43", "mode": "test", "bot_run": "20250804_201123"}
{"timestamp": "2025-08-05T00:36:54.745557Z", "side": "SELL", "price": 115281.59, "quantity": 9e-05, "bot_name": "114483_2025_08_04_15:25:45", "mode": "test", "bot_run": "20250804_201132"}
{"timestamp": "2025-08-05T00:36:54.745988Z", "side": "SELL", "price": 115293.12, "quantity": 9e-05, "bot_name": "114483_2025_08_04_15:25:45", "mode": "test", "bot_run": "20250804_201132"}
{"timestamp": "2025-08-05T00:36:59.823901Z", "side": "BUY", "price": 115281.59, "quantity": 9e-05, "bot_name": "114483_2025_08_04_15:25:45", "mode": "test", "bot_run": "20250804_201132"}
{"timestamp": "2025-08-05T00:37:09.979720Z", "side": "SELL", "price": 115293.12, "quantity": 9e-05, "bot_name": "114483_2025_08_04_15:25:45", "mode": "test", "bot_run": "20250804_201132"}
{"timestamp": "2025-08-05T00:37:25.211108Z", "side": "BUY", "price": 115281.59, "quantity": 9e-05, "bot_name": "114483_2025_08_04_15:25:45", "mode": "test", "bot_run": "20250804_201132"}
{"timestamp": "2025-08-05T00:37:28.000861Z", "side": "BUY", "price": 115275.66, "quantity": 9e-05, "bot_name": "114362_2025_08_04_13:48:43", "mode": "test", "bot_run": "20250804_201123"}
{"timestamp": "2025-08-05T00:37:30.290325Z", "side": "BUY", "price": 115270.06, "quantity": 9e-05, "bot_name": "114483_2025_08_04_15:25:45", "mode": "test", "bot_run": "20250804_201132"}
{"timestamp": "2025-08-05T00:37:43.906861Z", "side": "SELL", "price": 115287.19, "quantity": 9e-05, "bot_name": "114362_2025_08_04_13:48:43", "mode": "test", "bot_run": "20250804_201123"}
{"timestamp": "2025-08-05T00:37:46.181364Z", "side": "SELL", "price": 115281.59, "quantity": 9e-05, "bot_name": "114483_2025_08_04_15:25:45", "mode": "test", "bot_run": "20250804_201132"}
{"timestamp": "2025-08-05T00:37:48.986447Z", "side": "BUY", "price": 115275.66, "quantity": 9e-05, "bot_name": "114362_2025_08_04_13:48:43", "mode": "test", "bot_run": "20250804_201123"}
{"timestamp": "2025-08-05T00:38:04.220939Z", "side": "SELL", "price": 115287.19, "quantity": 9e-05, "bot_name": "114362_2025_08_04_13:48:43", "mode": "test", "bot_run": "20250804_201123"}
{"timestamp": "2025-08-05T00:38:06.490229Z", "side": "SELL", "price": 115293.12, "quantity": 9e-05, "bot_name": "114483_2025_08_04_15:25:45", "mode": "test", "bot_run": "20250804_201132"}
{"timestamp": "2025-08-05T00:38:09.300699Z", "side": "SELL", "price": 115298.72, "quantity": 9e-05, "bot_name": "114362_2025_08_04_13:48:43", "mode": "test", "bot_run": "20250804_201123"}
{"timestamp": "2025-08-05T00:38:11.568144Z", "side": "SELL", "price": 115304.65, "quantity": 9e-05, "bot_name": "114483_2025_08_04_15:25:45", "mode": "test", "bot_run": "20250804_201132"}
{"timestamp": "2025-08-05T00:38:24.540956Z", "side": "SELL", "price": 115310.25, "quantity": 9e-05, "bot_name": "114362_2025_08_04_13:48:43", "mode": "test", "bot_run": "20250804_201123"}
{"timestamp": "2025-08-05T00:38:26.803380Z", "side": "SELL", "price": 115316.18, "quantity": 9e-05, "bot_name": "114483_2025_08_04_15:25:45", "mode": "test", "bot_run": "20250804_201132"}
{"timestamp": "2025-08-05T00:38:34.699785Z", "side": "SELL", "price": 115321.78, "quantity": 9e-05, "bot_name": "114362_2025_08_04_13:48:43", "mode": "test", "bot_run": "20250804_201123"}
{"timestamp": "2025-08-05T00:38:42.701861Z", "side": "SELL", "price": 115327.71, "quantity": 9e-05, "bot_name": "114483_2025_08_04_15:25:45", "mode": "test", "bot_run": "20250804_201132"}
{"timestamp": "2025-08-05T00:38:47.779560Z", "side": "BUY", "price": 115316.18, "quantity": 9e-05, "bot_name": "114483_2025_08_04_15:25:45", "mode": "test", "bot_run": "20250804_201132"}
{"timestamp": "2025-08-05T00:38:47.780320Z", "side": "BUY", "price": 115304.65, "quantity": 9e-05, "bot_name": "114483_2025_08_04_15:25:45", "mode": "test", "bot_run": "20250804_201132"}
{"timestamp": "2025-08-05T00:38:50.601994Z", "side": "BUY", "price": 115310.25, "quantity": 9e-05, "bot_name": "114362_2025_08_04_13:48:43", "mode": "test", "bot_run": "20250804_201123"}
{"timestamp": "2025-08-05T00:38:50.602433Z", "side": "BUY", "price": 115298.72, "quantity": 9e-05, "bot_name": "114362_2025_08_04_13:48:43", "mode": "test", "bot_run": "20250804_201123"}
{"timestamp": "2025-08-05T00:39:03.013713Z", "side": "BUY", "price": 115293.12, "quantity": 9e-05, "bot_name": "114483_2025_08_04_15:25:45", "mode": "test", "bot_run": "20250804_201132"}
{"timestamp": "2025-08-05T00:39:15.992032Z", "side": "BUY", "price": 115287.19, "quantity": 9e-05, "bot_name": "114362_2025_08_04_13:48:43", "mode": "test", "bot_run": "20250804_201123"}
{"timestamp": "2025-08-05T00:39:33.480139Z", "side": "BUY", "price": 115281.59, "quantity": 9e-05, "bot_name": "114483_2025_08_04_15:25:45", "mode": "test", "bot_run": "20250804_201132"}
{"timestamp": "2025-08-05T00:39:33.480567Z", "side": "BUY", "price": 115270.06, "quantity": 9e-05, "bot_name": "114483_2025_08_04_15:25:45", "mode": "test", "bot_run": "20250804_201132"}
{"timestamp": "2025-08-05T00:39:36.306154Z", "side": "BUY", "price": 115275.66, "quantity": 9e-05, "bot_name": "114362_2025_08_04_13:48:43", "mode": "test", "bot_run": "20250804_201123"}
{"timestamp": "2025-08-05T00:39:36.306592Z", "side": "BUY", "price": 115264.13, "quantity": 9e-05, "bot_name": "114362_2025_08_04_13:48:43", "mode": "test", "bot_run": "20250804_201123"}
{"timestamp": "2025-08-05T00:39:38.558500Z", "side": "BUY", "price": 115258.53, "quantity": 9e-05, "bot_name": "114483_2025_08_04_15:25:45", "mode": "test", "bot_run": "20250804_201132"}
{"timestamp": "2025-08-05T00:39:42.053557Z", "side": "BUY", "price": 115252.6, "quantity": 9e-05, "bot_name": "114362_2025_08_04_13:48:43", "mode": "test", "bot_run": "20250804_201123"}
{"timestamp": "2025-08-05T00:39:49.376728Z", "side": "BUY", "price": 115247.0, "quantity": 9e-05, "bot_name": "114483_2025_08_04_15:25:45", "mode": "test", "bot_run": "20250804_201132"}
{"timestamp": "2025-08-05T00:39:52.210696Z", "side": "BUY", "price": 115241.07, "quantity": 9e-05, "bot_name": "114362_2025_08_04_13:48:43", "mode": "test", "bot_run": "20250804_201123"}
{"timestamp": "2025-08-05T00:39:54.454434Z", "side": "BUY", "price": 115235.48, "quantity": 9e-05, "bot_name": "114483_2025_08_04_15:25:45", "mode": "test", "bot_run": "20250804_201132"}
{"timestamp": "2025-08-05T00:39:59.532893Z", "side": "SELL", "price": 115247.0, "quantity": 9e-05, "bot_name": "114483_2025_08_04_15:25:45", "mode": "test", "bot_run": "20250804_201132"}
{"timestamp": "2025-08-05T00:40:02.367951Z", "side": "SELL", "price": 115252.6, "quantity": 9e-05, "bot_name": "114362_2025_08_04_13:48:43", "mode": "test", "bot_run": "20250804_201123"}
{"timestamp": "2025-08-05T00:40:02.368180Z", "side": "SELL", "price": 115264.13, "quantity": 9e-05, "bot_name": "114362_2025_08_04_13:48:43", "mode": "test", "bot_run": "20250804_201123"}
{"timestamp": "2025-08-05T00:40:04.610017Z", "side": "SELL", "price": 115258.53, "quantity": 9e-05, "bot_name": "114483_2025_08_04_15:25:45", "mode": "test", "bot_run": "20250804_201132"}
{"timestamp": "2025-08-05T00:40:04.610568Z", "side": "SELL", "price": 115270.06, "quantity": 9e-05, "bot_name": "114483_2025_08_04_15:25:45", "mode": "test", "bot_run": "20250804_201132"}
{"timestamp": "2025-08-05T00:40:07.445507Z", "side": "BUY", "price": 115252.6, "quantity": 9e-05, "bot_name": "114362_2025_08_04_13:48:43", "mode": "test", "bot_run": "20250804_201123"}
{"timestamp": "2025-08-05T00:40:09.686258Z", "side": "BUY", "price": 115258.53, "quantity": 9e-05, "bot_name": "114483_2025_08_04_15:25:45", "mode": "test", "bot_run": "20250804_201132"}
{"timestamp": "2025-08-05T00:40:09.687030Z", "side": "BUY", "price": 115247.0, "quantity": 9e-05, "bot_name": "114483_2025_08_04_15:25:45", "mode": "test", "bot_run": "20250804_201132"}
{"timestamp": "2025-08-05T00:40:22.684145Z", "side": "BUY", "price": 115241.07, "quantity": 9e-05, "bot_name": "114362_2025_08_04_13:48:43", "mode": "test", "bot_run": "20250804_201123"}
{"timestamp": "2025-08-05T00:40:35.076846Z", "side": "BUY", "price": 115235.48, "quantity": 9e-05, "bot_name": "114483_2025_08_04_15:25:45", "mode": "test", "bot_run": "20250804_201132"}
{"timestamp": "2025-08-05T00:40:58.906453Z", "side": "BUY", "price": 115229.55, "quantity": 9e-05, "bot_name": "114362_2025_08_04_13:48:43", "mode": "test", "bot_run": "20250804_201123"}
{"timestamp": "2025-08-05T00:41:01.125224Z", "side": "BUY", "price": 115223.96, "quantity": 9e-05, "bot_name": "114483_2025_08_04_15:25:45", "mode": "test", "bot_run": "20250804_201132"}
{"timestamp": "2025-08-05T00:41:14.141185Z", "side": "BUY", "price": 115218.03, "quantity": 9e-05, "bot_name": "114362_2025_08_04_13:48:43", "mode": "test", "bot_run": "20250804_201123"}
{"timestamp": "2025-08-05T00:41:16.355341Z", "side": "BUY", "price": 115212.44, "quantity": 9e-05, "bot_name": "114483_2025_08_04_15:25:45", "mode": "test", "bot_run": "20250804_201132"}
{"timestamp": "2025-08-05T00:41:19.219444Z", "side": "BUY", "price": 115206.51, "quantity": 9e-05, "bot_name": "114362_2025_08_04_13:48:43", "mode": "test", "bot_run": "20250804_201123"}
{"timestamp": "2025-08-05T00:41:55.436959Z", "side": "SELL", "price": 115218.03, "quantity": 9e-05, "bot_name": "114362_2025_08_04_13:48:43", "mode": "test", "bot_run": "20250804_201123"}
{"timestamp": "2025-08-05T00:42:05.590732Z", "side": "BUY", "price": 115206.51, "quantity": 9e-05, "bot_name": "114362_2025_08_04_13:48:43", "mode": "test", "bot_run": "20250804_201123"}
{"timestamp": "2025-08-05T00:42:07.792970Z", "side": "BUY", "price": 115200.92, "quantity": 9e-05, "bot_name": "114483_2025_08_04_15:25:45", "mode": "test", "bot_run": "20250804_201132"}
{"timestamp": "2025-08-05T00:42:12.871307Z", "side": "BUY", "price": 115189.4, "quantity": 9e-05, "bot_name": "114483_2025_08_04_15:25:45", "mode": "test", "bot_run": "20250804_201132"}
{"timestamp": "2025-08-05T00:42:12.871781Z", "side": "BUY", "price": 115177.88, "quantity": 9e-05, "bot_name": "114483_2025_08_04_15:25:45", "mode": "test", "bot_run": "20250804_201132"}
{"timestamp": "2025-08-05T00:42:12.872209Z", "side": "BUY", "price": 115166.36, "quantity": 9e-05, "bot_name": "114483_2025_08_04_15:25:45", "mode": "test", "bot_run": "20250804_201132"}
{"timestamp": "2025-08-05T00:42:15.749053Z", "side": "BUY", "price": 115194.99, "quantity": 9e-05, "bot_name": "114362_2025_08_04_13:48:43", "mode": "test", "bot_run": "20250804_201123"}
{"timestamp": "2025-08-05T00:42:15.749303Z", "side": "BUY", "price": 115183.47, "quantity": 9e-05, "bot_name": "114362_2025_08_04_13:48:43", "mode": "test", "bot_run": "20250804_201123"}
{"timestamp": "2025-08-05T00:42:15.749480Z", "side": "BUY", "price": 115171.95, "quantity": 9e-05, "bot_name": "114362_2025_08_04_13:48:43", "mode": "test", "bot_run": "20250804_201123"}
{"timestamp": "2025-08-05T00:42:15.749659Z", "side": "BUY", "price": 115160.43, "quantity": 9e-05, "bot_name": "114362_2025_08_04_13:48:43", "mode": "test", "bot_run": "20250804_201123"}
{"timestamp": "2025-08-05T00:42:17.951714Z", "side": "BUY", "price": 115154.84, "quantity": 9e-05, "bot_name": "114483_2025_08_04_15:25:45", "mode": "test", "bot_run": "20250804_201132"}
{"timestamp": "2025-08-05T00:42:17.952216Z", "side": "BUY", "price": 115143.32, "quantity": 9e-05, "bot_name": "114483_2025_08_04_15:25:45", "mode": "test", "bot_run": "20250804_201132"}
{"timestamp": "2025-08-05T00:42:17.952529Z", "side": "BUY", "price": 115131.81, "quantity": 9e-05, "bot_name": "114483_2025_08_04_15:25:45", "mode": "test", "bot_run": "20250804_201132"}
{"timestamp": "2025-08-05T00:42:20.829865Z", "side": "BUY", "price": 115148.91, "quantity": 9e-05, "bot_name": "114362_2025_08_04_13:48:43", "mode": "test", "bot_run": "20250804_201123"}
{"timestamp": "2025-08-05T00:42:20.830286Z", "side": "BUY", "price": 115137.4, "quantity": 9e-05, "bot_name": "114362_2025_08_04_13:48:43", "mode": "test", "bot_run": "20250804_201123"}
{"timestamp": "2025-08-05T00:42:25.909427Z", "side": "BUY", "price": 115125.89, "quantity": 9e-05, "bot_name": "114362_2025_08_04_13:48:43", "mode": "test", "bot_run": "20250804_201123"}
{"timestamp": "2025-08-05T00:42:43.336434Z", "side": "SELL", "price": 115143.32, "quantity": 9e-05, "bot_name": "114483_2025_08_04_15:25:45", "mode": "test", "bot_run": "20250804_201132"}
{"timestamp": "2025-08-05T00:42:46.904886Z", "side": "SELL", "price": 115137.4, "quantity": 9e-05, "bot_name": "114362_2025_08_04_13:48:43", "mode": "test", "bot_run": "20250804_201123"}
{"timestamp": "2025-08-05T00:42:46.905318Z", "side": "SELL", "price": 115148.91, "quantity": 9e-05, "bot_name": "114362_2025_08_04_13:48:43", "mode": "test", "bot_run": "20250804_201123"}
{"timestamp": "2025-08-05T00:42:51.985146Z", "side": "BUY", "price": 115137.4, "quantity": 9e-05, "bot_name": "114362_2025_08_04_13:48:43", "mode": "test", "bot_run": "20250804_201123"}
{"timestamp": "2025-08-05T00:43:02.145518Z", "side": "BUY", "price": 115125.89, "quantity": 9e-05, "bot_name": "114362_2025_08_04_13:48:43", "mode": "test", "bot_run": "20250804_201123"}
{"timestamp": "2025-08-05T00:43:09.373035Z", "side": "BUY", "price": 115131.81, "quantity": 9e-05, "bot_name": "114483_2025_08_04_15:25:45", "mode": "test", "bot_run": "20250804_201132"}
{"timestamp": "2025-08-05T00:43:14.450165Z", "side": "BUY", "price": 115120.3, "quantity": 9e-05, "bot_name": "114483_2025_08_04_15:25:45", "mode": "test", "bot_run": "20250804_201132"}
{"timestamp": "2025-08-05T00:43:17.383578Z", "side": "BUY", "price": 115114.38, "quantity": 9e-05, "bot_name": "114362_2025_08_04_13:48:43", "mode": "test", "bot_run": "20250804_201123"}
{"timestamp": "2025-08-05T00:43:24.606601Z", "side": "BUY", "price": 115108.79, "quantity": 9e-05, "bot_name": "114483_2025_08_04_15:25:45", "mode": "test", "bot_run": "20250804_201132"}
{"timestamp": "2025-08-05T00:43:42.778687Z", "side": "BUY", "price": 115102.87, "quantity": 9e-05, "bot_name": "114362_2025_08_04_13:48:43", "mode": "test", "bot_run": "20250804_201123"}
{"timestamp": "2025-08-05T00:44:08.840496Z", "side": "SELL", "price": 115114.38, "quantity": 9e-05, "bot_name": "114362_2025_08_04_13:48:43", "mode": "test", "bot_run": "20250804_201123"}
{"timestamp": "2025-08-05T00:44:10.957711Z", "side": "SELL", "price": 115120.3, "quantity": 9e-05, "bot_name": "114483_2025_08_04_15:25:45", "mode": "test", "bot_run": "20250804_201132"}
{"timestamp": "2025-08-05T00:44:44.390094Z", "side": "SELL", "price": 115125.89, "quantity": 9e-05, "bot_name": "114362_2025_08_04_13:48:43", "mode": "test", "bot_run": "20250804_201123"}
{"timestamp": "2025-08-05T00:44:50.142679Z", "side": "BUY", "price": 115114.38, "quantity": 9e-05, "bot_name": "114362_2025_08_04_13:48:43", "mode": "test", "bot_run": "20250804_201123"}
{"timestamp": "2025-08-05T00:44:57.309728Z", "side": "BUY", "price": 115108.79, "quantity": 9e-05, "bot_name": "114483_2025_08_04_15:25:45", "mode": "test", "bot_run": "20250804_201132"}
{"timestamp": "2025-08-05T00:44:57.310248Z", "side": "BUY", "price": 115097.28, "quantity": 9e-05, "bot_name": "114483_2025_08_04_15:25:45", "mode": "test", "bot_run": "20250804_201132"}
{"timestamp": "2025-08-05T00:45:00.299776Z", "side": "BUY", "price": 115102.87, "quantity": 9e-05, "bot_name": "114362_2025_08_04_13:48:43", "mode": "test", "bot_run": "20250804_201123"}
{"timestamp": "2025-08-05T00:45:05.378721Z", "side": "SELL", "price": 115114.38, "quantity": 9e-05, "bot_name": "114362_2025_08_04_13:48:43", "mode": "test", "bot_run": "20250804_201123"}
{"timestamp": "2025-08-05T00:45:07.466788Z", "side": "SELL", "price": 115108.79, "quantity": 9e-05, "bot_name": "114483_2025_08_04_15:25:45", "mode": "test", "bot_run": "20250804_201132"}
{"timestamp": "2025-08-05T00:45:07.467260Z", "side": "SELL", "price": 115120.3, "quantity": 9e-05, "bot_name": "114483_2025_08_04_15:25:45", "mode": "test", "bot_run": "20250804_201132"}
{"timestamp": "2025-08-05T00:45:10.458183Z", "side": "SELL", "price": 115125.89, "quantity": 9e-05, "bot_name": "114362_2025_08_04_13:48:43", "mode": "test", "bot_run": "20250804_201123"}
{"timestamp": "2025-08-05T00:45:12.546225Z", "side": "SELL", "price": 115131.81, "quantity": 9e-05, "bot_name": "114483_2025_08_04_15:25:45", "mode": "test", "bot_run": "20250804_201132"}
{"timestamp": "2025-08-05T00:45:15.538477Z", "side": "SELL", "price": 115137.4, "quantity": 9e-05, "bot_name": "114362_2025_08_04_13:48:43", "mode": "test", "bot_run": "20250804_201123"}
{"timestamp": "2025-08-05T00:45:20.618066Z", "side": "BUY", "price": 115125.89, "quantity": 9e-05, "bot_name": "114362_2025_08_04_13:48:43", "mode": "test", "bot_run": "20250804_201123"}
{"timestamp": "2025-08-05T00:45:22.702546Z", "side": "BUY", "price": 115120.3, "quantity": 9e-05, "bot_name": "114483_2025_08_04_15:25:45", "mode": "test", "bot_run": "20250804_201132"}
{"timestamp": "2025-08-05T00:45:30.774229Z", "side": "BUY", "price": 115114.38, "quantity": 9e-05, "bot_name": "114362_2025_08_04_13:48:43", "mode": "test", "bot_run": "20250804_201123"}
{"timestamp": "2025-08-05T00:45:30.774608Z", "side": "BUY", "price": 115102.87, "quantity": 9e-05, "bot_name": "114362_2025_08_04_13:48:43", "mode": "test", "bot_run": "20250804_201123"}
{"timestamp": "2025-08-05T00:45:32.859241Z", "side": "BUY", "price": 115108.79, "quantity": 9e-05, "bot_name": "114483_2025_08_04_15:25:45", "mode": "test", "bot_run": "20250804_201132"}
{"timestamp": "2025-08-05T00:45:32.859698Z", "side": "BUY", "price": 115097.28, "quantity": 9e-05, "bot_name": "114483_2025_08_04_15:25:45", "mode": "test", "bot_run": "20250804_201132"}
{"timestamp": "2025-08-05T00:45:35.853214Z", "side": "SELL", "price": 115114.38, "quantity": 9e-05, "bot_name": "114362_2025_08_04_13:48:43", "mode": "test", "bot_run": "20250804_201123"}
{"timestamp": "2025-08-05T00:45:37.937156Z", "side": "SELL", "price": 115108.79, "quantity": 9e-05, "bot_name": "114483_2025_08_04_15:25:45", "mode": "test", "bot_run": "20250804_201132"}
{"timestamp": "2025-08-05T00:45:43.015574Z", "side": "BUY", "price": 115097.28, "quantity": 9e-05, "bot_name": "114483_2025_08_04_15:25:45", "mode": "test", "bot_run": "20250804_201132"}
{"timestamp": "2025-08-05T00:45:46.012210Z", "side": "BUY", "price": 115102.87, "quantity": 9e-05, "bot_name": "114362_2025_08_04_13:48:43", "mode": "test", "bot_run": "20250804_201123"}
{"timestamp": "2025-08-05T00:45:56.843468Z", "side": "BUY", "price": 115091.36, "quantity": 9e-05, "bot_name": "114362_2025_08_04_13:48:43", "mode": "test", "bot_run": "20250804_201123"}
{"timestamp": "2025-08-05T00:45:58.915127Z", "side": "BUY", "price": 115085.77, "quantity": 9e-05, "bot_name": "114483_2025_08_04_15:25:45", "mode": "test", "bot_run": "20250804_201132"}
{"timestamp": "2025-08-05T00:46:44.610686Z", "side": "SELL", "price": 115097.28, "quantity": 9e-05, "bot_name": "114483_2025_08_04_15:25:45", "mode": "test", "bot_run": "20250804_201132"}
{"timestamp": "2025-08-05T00:46:55.430129Z", "side": "BUY", "price": 115085.77, "quantity": 9e-05, "bot_name": "114483_2025_08_04_15:25:45", "mode": "test", "bot_run": "20250804_201132"}
{"timestamp": "2025-08-05T00:47:03.517460Z", "side": "BUY", "price": 115079.85, "quantity": 9e-05, "bot_name": "114362_2025_08_04_13:48:43", "mode": "test", "bot_run": "20250804_201123"}
{"timestamp": "2025-08-05T00:47:08.593882Z", "side": "SELL", "price": 115091.36, "quantity": 9e-05, "bot_name": "114362_2025_08_04_13:48:43", "mode": "test", "bot_run": "20250804_201123"}
{"timestamp": "2025-08-05T00:47:18.750178Z", "side": "SELL", "price": 115102.87, "quantity": 9e-05, "bot_name": "114362_2025_08_04_13:48:43", "mode": "test", "bot_run": "20250804_201123"}
{"timestamp": "2025-08-05T00:47:20.826050Z", "side": "SELL", "price": 115097.28, "quantity": 9e-05, "bot_name": "114483_2025_08_04_15:25:45", "mode": "test", "bot_run": "20250804_201132"}
{"timestamp": "2025-08-05T00:47:25.903093Z", "side": "SELL", "price": 115108.79, "quantity": 9e-05, "bot_name": "114483_2025_08_04_15:25:45", "mode": "test", "bot_run": "20250804_201132"}
{"timestamp": "2025-08-05T00:47:33.985613Z", "side": "SELL", "price": 115114.38, "quantity": 9e-05, "bot_name": "114362_2025_08_04_13:48:43", "mode": "test", "bot_run": "20250804_201123"}
{"timestamp": "2025-08-05T00:47:36.057227Z", "side": "SELL", "price": 115120.3, "quantity": 9e-05, "bot_name": "114483_2025_08_04_15:25:45", "mode": "test", "bot_run": "20250804_201132"}
{"timestamp": "2025-08-05T00:47:54.946832Z", "side": "SELL", "price": 115125.89, "quantity": 9e-05, "bot_name": "114362_2025_08_04_13:48:43", "mode": "test", "bot_run": "20250804_201123"}
{"timestamp": "2025-08-05T00:47:57.035659Z", "side": "SELL", "price": 115131.81, "quantity": 9e-05, "bot_name": "114483_2025_08_04_15:25:45", "mode": "test", "bot_run": "20250804_201132"}
{"timestamp": "2025-08-05T00:48:00.025663Z", "side": "SELL", "price": 115137.4, "quantity": 9e-05, "bot_name": "114362_2025_08_04_13:48:43", "mode": "test", "bot_run": "20250804_201123"}
{"timestamp": "2025-08-05T00:48:00.026318Z", "side": "SELL", "price": 115148.91, "quantity": 9e-05, "bot_name": "114362_2025_08_04_13:48:43", "mode": "test", "bot_run": "20250804_201123"}
{"timestamp": "2025-08-05T00:48:02.114273Z", "side": "SELL", "price": 115143.32, "quantity": 9e-05, "bot_name": "114483_2025_08_04_15:25:45", "mode": "test", "bot_run": "20250804_201132"}
{"timestamp": "2025-08-05T00:48:02.114704Z", "side": "SELL", "price": 115154.84, "quantity": 9e-05, "bot_name": "114483_2025_08_04_15:25:45", "mode": "test", "bot_run": "20250804_201132"}
{"timestamp": "2025-08-05T00:48:05.107063Z", "side": "SELL", "price": 115160.43, "quantity": 9e-05, "bot_name": "114362_2025_08_04_13:48:43", "mode": "test", "bot_run": "20250804_201123"}
{"timestamp": "2025-08-05T00:48:05.107731Z", "side": "SELL", "price": 115171.95, "quantity": 9e-05, "bot_name": "114362_2025_08_04_13:48:43", "mode": "test", "bot_run": "20250804_201123"}
{"timestamp": "2025-08-05T00:48:07.194242Z", "side": "SELL", "price": 115166.36, "quantity": 9e-05, "bot_name": "114483_2025_08_04_15:25:45", "mode": "test", "bot_run": "20250804_201132"}
{"timestamp": "2025-08-05T00:48:15.266342Z", "side": "BUY", "price": 115160.43, "quantity": 9e-05, "bot_name": "114362_2025_08_04_13:48:43", "mode": "test", "bot_run": "20250804_201123"}
{"timestamp": "2025-08-05T00:48:17.348699Z", "side": "BUY", "price": 115154.84, "quantity": 9e-05, "bot_name": "114483_2025_08_04_15:25:45", "mode": "test", "bot_run": "20250804_201132"}
{"timestamp": "2025-08-05T00:48:22.424387Z", "side": "SELL", "price": 115166.36, "quantity": 9e-05, "bot_name": "114483_2025_08_04_15:25:45", "mode": "test", "bot_run": "20250804_201132"}
{"timestamp": "2025-08-05T00:48:25.427051Z", "side": "SELL", "price": 115171.95, "quantity": 9e-05, "bot_name": "114362_2025_08_04_13:48:43", "mode": "test", "bot_run": "20250804_201123"}
{"timestamp": "2025-08-05T00:48:27.500577Z", "side": "SELL", "price": 115177.88, "quantity": 9e-05, "bot_name": "114483_2025_08_04_15:25:45", "mode": "test", "bot_run": "20250804_201132"}
{"timestamp": "2025-08-05T00:48:27.501257Z", "side": "SELL", "price": 115189.4, "quantity": 9e-05, "bot_name": "114483_2025_08_04_15:25:45", "mode": "test", "bot_run": "20250804_201132"}
{"timestamp": "2025-08-05T00:48:30.506944Z", "side": "SELL", "price": 115183.47, "quantity": 9e-05, "bot_name": "114362_2025_08_04_13:48:43", "mode": "test", "bot_run": "20250804_201123"}
{"timestamp": "2025-08-05T00:48:30.507379Z", "side": "SELL", "price": 115194.99, "quantity": 9e-05, "bot_name": "114362_2025_08_04_13:48:43", "mode": "test", "bot_run": "20250804_201123"}
{"timestamp": "2025-08-05T00:48:50.824312Z", "side": "BUY", "price": 115183.47, "quantity": 9e-05, "bot_name": "114362_2025_08_04_13:48:43", "mode": "test", "bot_run": "20250804_201123"}
{"timestamp": "2025-08-05T00:48:52.884441Z", "side": "BUY", "price": 115177.88, "quantity": 9e-05, "bot_name": "114483_2025_08_04_15:25:45", "mode": "test", "bot_run": "20250804_201132"}
{"timestamp": "2025-08-05T00:48:58.625150Z", "side": "SELL", "price": 115189.4, "quantity": 9e-05, "bot_name": "114483_2025_08_04_15:25:45", "mode": "test", "bot_run": "20250804_201132"}
{"timestamp": "2025-08-05T00:49:01.649622Z", "side": "SELL", "price": 115194.99, "quantity": 9e-05, "bot_name": "114362_2025_08_04_13:48:43", "mode": "test", "bot_run": "20250804_201123"}
{"timestamp": "2025-08-05T00:49:03.703756Z", "side": "SELL", "price": 115200.92, "quantity": 9e-05, "bot_name": "114483_2025_08_04_15:25:45", "mode": "test", "bot_run": "20250804_201132"}
{"timestamp": "2025-08-05T00:49:11.809332Z", "side": "SELL", "price": 115206.51, "quantity": 9e-05, "bot_name": "114362_2025_08_04_13:48:43", "mode": "test", "bot_run": "20250804_201123"}
{"timestamp": "2025-08-05T00:49:16.889794Z", "side": "BUY", "price": 115194.99, "quantity": 9e-05, "bot_name": "114362_2025_08_04_13:48:43", "mode": "test", "bot_run": "20250804_201123"}
{"timestamp": "2025-08-05T00:49:18.933681Z", "side": "BUY", "price": 115189.4, "quantity": 9e-05, "bot_name": "114483_2025_08_04_15:25:45", "mode": "test", "bot_run": "20250804_201132"}
{"timestamp": "2025-08-05T00:49:18.934138Z", "side": "BUY", "price": 115177.88, "quantity": 9e-05, "bot_name": "114483_2025_08_04_15:25:45", "mode": "test", "bot_run": "20250804_201132"}
{"timestamp": "2025-08-05T00:49:21.968709Z", "side": "BUY", "price": 115183.47, "quantity": 9e-05, "bot_name": "114362_2025_08_04_13:48:43", "mode": "test", "bot_run": "20250804_201123"}
{"timestamp": "2025-08-05T00:49:21.969195Z", "side": "BUY", "price": 115171.95, "quantity": 9e-05, "bot_name": "114362_2025_08_04_13:48:43", "mode": "test", "bot_run": "20250804_201123"}
{"timestamp": "2025-08-05T00:49:24.010932Z", "side": "BUY", "price": 115166.36, "quantity": 9e-05, "bot_name": "114483_2025_08_04_15:25:45", "mode": "test", "bot_run": "20250804_201132"}
{"timestamp": "2025-08-05T00:49:27.048603Z", "side": "BUY", "price": 115160.43, "quantity": 9e-05, "bot_name": "114362_2025_08_04_13:48:43", "mode": "test", "bot_run": "20250804_201123"}
{"timestamp": "2025-08-05T00:49:37.207305Z", "side": "SELL", "price": 115171.95, "quantity": 9e-05, "bot_name": "114362_2025_08_04_13:48:43", "mode": "test", "bot_run": "20250804_201123"}
{"timestamp": "2025-08-05T00:50:10.366749Z", "side": "SELL", "price": 115177.88, "quantity": 9e-05, "bot_name": "114483_2025_08_04_15:25:45", "mode": "test", "bot_run": "20250804_201132"}
{"timestamp": "2025-08-05T00:50:13.429303Z", "side": "SELL", "price": 115183.47, "quantity": 9e-05, "bot_name": "114362_2025_08_04_13:48:43", "mode": "test", "bot_run": "20250804_201123"}
{"timestamp": "2025-08-05T00:50:13.429692Z", "side": "SELL", "price": 115194.99, "quantity": 9e-05, "bot_name": "114362_2025_08_04_13:48:43", "mode": "test", "bot_run": "20250804_201123"}
{"timestamp": "2025-08-05T00:50:15.441768Z", "side": "SELL", "price": 115189.4, "quantity": 9e-05, "bot_name": "114483_2025_08_04_15:25:45", "mode": "test", "bot_run": "20250804_201132"}
{"timestamp": "2025-08-05T00:50:20.517274Z", "side": "BUY", "price": 115177.88, "quantity": 9e-05, "bot_name": "114483_2025_08_04_15:25:45", "mode": "test", "bot_run": "20250804_201132"}
{"timestamp": "2025-08-05T00:50:23.588125Z", "side": "BUY", "price": 115183.47, "quantity": 9e-05, "bot_name": "114362_2025_08_04_13:48:43", "mode": "test", "bot_run": "20250804_201123"}
{"timestamp": "2025-08-05T00:50:23.588523Z", "side": "BUY", "price": 115171.95, "quantity": 9e-05, "bot_name": "114362_2025_08_04_13:48:43", "mode": "test", "bot_run": "20250804_201123"}
{"timestamp": "2025-08-05T00:50:25.596616Z", "side": "BUY", "price": 115166.36, "quantity": 9e-05, "bot_name": "114483_2025_08_04_15:25:45", "mode": "test", "bot_run": "20250804_201132"}
{"timestamp": "2025-08-05T00:50:33.746621Z", "side": "BUY", "price": 115160.43, "quantity": 9e-05, "bot_name": "114362_2025_08_04_13:48:43", "mode": "test", "bot_run": "20250804_201123"}
{"timestamp": "2025-08-05T00:50:40.829897Z", "side": "BUY", "price": 115154.84, "quantity": 9e-05, "bot_name": "114483_2025_08_04_15:25:45", "mode": "test", "bot_run": "20250804_201132"}
{"timestamp": "2025-08-05T00:50:40.830368Z", "side": "BUY", "price": 115143.32, "quantity": 9e-05, "bot_name": "114483_2025_08_04_15:25:45", "mode": "test", "bot_run": "20250804_201132"}
{"timestamp": "2025-08-05T00:50:43.906779Z", "side": "BUY", "price": 115148.91, "quantity": 9e-05, "bot_name": "114362_2025_08_04_13:48:43", "mode": "test", "bot_run": "20250804_201123"}
{"timestamp": "2025-08-05T00:50:50.985049Z", "side": "SELL", "price": 115154.84, "quantity": 9e-05, "bot_name": "114483_2025_08_04_15:25:45", "mode": "test", "bot_run": "20250804_201132"}
{"timestamp": "2025-08-05T00:50:54.063729Z", "side": "SELL", "price": 115160.43, "quantity": 9e-05, "bot_name": "114362_2025_08_04_13:48:43", "mode": "test", "bot_run": "20250804_201123"}
{"timestamp": "2025-08-05T00:50:54.064165Z", "side": "SELL", "price": 115171.95, "quantity": 9e-05, "bot_name": "114362_2025_08_04_13:48:43", "mode": "test", "bot_run": "20250804_201123"}
{"timestamp": "2025-08-05T00:50:54.064444Z", "side": "SELL", "price": 115183.47, "quantity": 9e-05, "bot_name": "114362_2025_08_04_13:48:43", "mode": "test", "bot_run": "20250804_201123"}
{"timestamp": "2025-08-05T00:50:56.059559Z", "side": "SELL", "price": 115166.36, "quantity": 9e-05, "bot_name": "114483_2025_08_04_15:25:45", "mode": "test", "bot_run": "20250804_201132"}
{"timestamp": "2025-08-05T00:50:56.060005Z", "side": "SELL", "price": 115177.88, "quantity": 9e-05, "bot_name": "114483_2025_08_04_15:25:45", "mode": "test", "bot_run": "20250804_201132"}
{"timestamp": "2025-08-05T00:51:01.798289Z", "side": "BUY", "price": 115166.36, "quantity": 9e-05, "bot_name": "114483_2025_08_04_15:25:45", "mode": "test", "bot_run": "20250804_201132"}
{"timestamp": "2025-08-05T00:51:04.881662Z", "side": "BUY", "price": 115171.95, "quantity": 9e-05, "bot_name": "114362_2025_08_04_13:48:43", "mode": "test", "bot_run": "20250804_201123"}
{"timestamp": "2025-08-05T00:51:04.882374Z", "side": "BUY", "price": 115160.43, "quantity": 9e-05, "bot_name": "114362_2025_08_04_13:48:43", "mode": "test", "bot_run": "20250804_201123"}
{"timestamp": "2025-08-05T00:51:04.882698Z", "side": "BUY", "price": 115148.91, "quantity": 9e-05, "bot_name": "114362_2025_08_04_13:48:43", "mode": "test", "bot_run": "20250804_201123"}
{"timestamp": "2025-08-05T00:51:06.875309Z", "side": "BUY", "price": 115154.84, "quantity": 9e-05, "bot_name": "114483_2025_08_04_15:25:45", "mode": "test", "bot_run": "20250804_201132"}
{"timestamp": "2025-08-05T00:51:17.032262Z", "side": "BUY", "price": 115143.32, "quantity": 9e-05, "bot_name": "114483_2025_08_04_15:25:45", "mode": "test", "bot_run": "20250804_201132"}
{"timestamp": "2025-08-05T00:51:27.186076Z", "side": "SELL", "price": 115154.84, "quantity": 9e-05, "bot_name": "114483_2025_08_04_15:25:45", "mode": "test", "bot_run": "20250804_201132"}
{"timestamp": "2025-08-05T00:51:27.186327Z", "side": "SELL", "price": 115166.36, "quantity": 9e-05, "bot_name": "114483_2025_08_04_15:25:45", "mode": "test", "bot_run": "20250804_201132"}
{"timestamp": "2025-08-05T00:51:30.279444Z", "side": "SELL", "price": 115160.43, "quantity": 9e-05, "bot_name": "114362_2025_08_04_13:48:43", "mode": "test", "bot_run": "20250804_201123"}
{"timestamp": "2025-08-05T00:51:30.279905Z", "side": "SELL", "price": 115171.95, "quantity": 9e-05, "bot_name": "114362_2025_08_04_13:48:43", "mode": "test", "bot_run": "20250804_201123"}
{"timestamp": "2025-08-05T00:51:32.262170Z", "side": "SELL", "price": 115177.88, "quantity": 9e-05, "bot_name": "114483_2025_08_04_15:25:45", "mode": "test", "bot_run": "20250804_201132"}
{"timestamp": "2025-08-05T00:51:35.359542Z", "side": "SELL", "price": 115183.47, "quantity": 9e-05, "bot_name": "114362_2025_08_04_13:48:43", "mode": "test", "bot_run": "20250804_201123"}
{"timestamp": "2025-08-05T00:51:55.685321Z", "side": "BUY", "price": 115171.95, "quantity": 9e-05, "bot_name": "114362_2025_08_04_13:48:43", "mode": "test", "bot_run": "20250804_201123"}
{"timestamp": "2025-08-05T00:51:57.650023Z", "side": "BUY", "price": 115166.36, "quantity": 9e-05, "bot_name": "114483_2025_08_04_15:25:45", "mode": "test", "bot_run": "20250804_201132"}
{"timestamp": "2025-08-05T00:52:01.428146Z", "side": "BUY", "price": 115160.43, "quantity": 9e-05, "bot_name": "114362_2025_08_04_13:48:43", "mode": "test", "bot_run": "20250804_201123"}
{"timestamp": "2025-08-05T00:52:01.428542Z", "side": "BUY", "price": 115148.91, "quantity": 9e-05, "bot_name": "114362_2025_08_04_13:48:43", "mode": "test", "bot_run": "20250804_201123"}
{"timestamp": "2025-08-05T00:52:01.428831Z", "side": "BUY", "price": 115137.4, "quantity": 9e-05, "bot_name": "114362_2025_08_04_13:48:43", "mode": "test", "bot_run": "20250804_201123"}
{"timestamp": "2025-08-05T00:52:03.387306Z", "side": "BUY", "price": 115154.84, "quantity": 9e-05, "bot_name": "114483_2025_08_04_15:25:45", "mode": "test", "bot_run": "20250804_201132"}
{"timestamp": "2025-08-05T00:52:03.387724Z", "side": "BUY", "price": 115143.32, "quantity": 9e-05, "bot_name": "114483_2025_08_04_15:25:45", "mode": "test", "bot_run": "20250804_201132"}
{"timestamp": "2025-08-05T00:52:06.508248Z", "side": "SELL", "price": 115148.91, "quantity": 9e-05, "bot_name": "114362_2025_08_04_13:48:43", "mode": "test", "bot_run": "20250804_201123"}
{"timestamp": "2025-08-05T00:52:08.465535Z", "side": "SELL", "price": 115154.84, "quantity": 9e-05, "bot_name": "114483_2025_08_04_15:25:45", "mode": "test", "bot_run": "20250804_201132"}
{"timestamp": "2025-08-05T00:52:16.664765Z", "side": "BUY", "price": 115137.4, "quantity": 9e-05, "bot_name": "114362_2025_08_04_13:48:43", "mode": "test", "bot_run": "20250804_201123"}
{"timestamp": "2025-08-05T00:52:18.619644Z", "side": "BUY", "price": 115143.32, "quantity": 9e-05, "bot_name": "114483_2025_08_04_15:25:45", "mode": "test", "bot_run": "20250804_201132"}
{"timestamp": "2025-08-05T00:52:36.985782Z", "side": "BUY", "price": 115125.89, "quantity": 9e-05, "bot_name": "114362_2025_08_04_13:48:43", "mode": "test", "bot_run": "20250804_201123"}
{"timestamp": "2025-08-05T00:52:36.986264Z", "side": "BUY", "price": 115114.38, "quantity": 9e-05, "bot_name": "114362_2025_08_04_13:48:43", "mode": "test", "bot_run": "20250804_201123"}
{"timestamp": "2025-08-05T00:52:38.928524Z", "side": "BUY", "price": 115131.81, "quantity": 9e-05, "bot_name": "114483_2025_08_04_15:25:45", "mode": "test", "bot_run": "20250804_201132"}
{"timestamp": "2025-08-05T00:52:38.928962Z", "side": "BUY", "price": 115120.3, "quantity": 9e-05, "bot_name": "114483_2025_08_04_15:25:45", "mode": "test", "bot_run": "20250804_201132"}
{"timestamp": "2025-08-05T00:53:03.044993Z", "side": "BUY", "price": 115102.87, "quantity": 9e-05, "bot_name": "114362_2025_08_04_13:48:43", "mode": "test", "bot_run": "20250804_201123"}
{"timestamp": "2025-08-05T00:53:03.045699Z", "side": "BUY", "price": 115091.36, "quantity": 9e-05, "bot_name": "114362_2025_08_04_13:48:43", "mode": "test", "bot_run": "20250804_201123"}
{"timestamp": "2025-08-05T00:53:04.984695Z", "side": "BUY", "price": 115108.79, "quantity": 9e-05, "bot_name": "114483_2025_08_04_15:25:45", "mode": "test", "bot_run": "20250804_201132"}
{"timestamp": "2025-08-05T00:53:04.985239Z", "side": "BUY", "price": 115097.28, "quantity": 9e-05, "bot_name": "114483_2025_08_04_15:25:45", "mode": "test", "bot_run": "20250804_201132"}
{"timestamp": "2025-08-05T00:53:04.985623Z", "side": "BUY", "price": 115085.77, "quantity": 9e-05, "bot_name": "114483_2025_08_04_15:25:45", "mode": "test", "bot_run": "20250804_201132"}
{"timestamp": "2025-08-05T00:53:08.126943Z", "side": "BUY", "price": 115079.85, "quantity": 9e-05, "bot_name": "114362_2025_08_04_13:48:43", "mode": "test", "bot_run": "20250804_201123"}
{"timestamp": "2025-08-05T00:53:10.065358Z", "side": "BUY", "price": 115074.26, "quantity": 9e-05, "bot_name": "114483_2025_08_04_15:25:45", "mode": "test", "bot_run": "20250804_201132"}
{"timestamp": "2025-08-05T00:53:23.362020Z", "side": "BUY", "price": 115068.34, "quantity": 9e-05, "bot_name": "114362_2025_08_04_13:48:43", "mode": "test", "bot_run": "20250804_201123"}
{"timestamp": "2025-08-05T00:53:55.759141Z", "side": "BUY", "price": 115062.75, "quantity": 9e-05, "bot_name": "114483_2025_08_04_15:25:45", "mode": "test", "bot_run": "20250804_201132"}
{"timestamp": "2025-08-05T00:54:11.662601Z", "side": "SELL", "price": 115074.26, "quantity": 9e-05, "bot_name": "114483_2025_08_04_15:25:45", "mode": "test", "bot_run": "20250804_201132"}
{"timestamp": "2025-08-05T00:54:14.806291Z", "side": "SELL", "price": 115079.85, "quantity": 9e-05, "bot_name": "114362_2025_08_04_13:48:43", "mode": "test", "bot_run": "20250804_201123"}
{"timestamp": "2025-08-05T00:55:06.257242Z", "side": "BUY", "price": 115068.34, "quantity": 9e-05, "bot_name": "114362_2025_08_04_13:48:43", "mode": "test", "bot_run": "20250804_201123"}
{"timestamp": "2025-08-05T00:55:11.335780Z", "side": "BUY", "price": 115056.83, "quantity": 9e-05, "bot_name": "114362_2025_08_04_13:48:43", "mode": "test", "bot_run": "20250804_201123"}
{"timestamp": "2025-08-05T00:55:13.266884Z", "side": "BUY", "price": 115062.75, "quantity": 9e-05, "bot_name": "114483_2025_08_04_15:25:45", "mode": "test", "bot_run": "20250804_201132"}
{"timestamp": "2025-08-05T00:55:23.420004Z", "side": "BUY", "price": 115051.24, "quantity": 9e-05, "bot_name": "114483_2025_08_04_15:25:45", "mode": "test", "bot_run": "20250804_201132"}
{"timestamp": "2025-08-05T00:55:31.652556Z", "side": "BUY", "price": 115045.32, "quantity": 9e-05, "bot_name": "114362_2025_08_04_13:48:43", "mode": "test", "bot_run": "20250804_201123"}
{"timestamp": "2025-08-05T00:55:38.653300Z", "side": "SELL", "price": 115062.75, "quantity": 9e-05, "bot_name": "114483_2025_08_04_15:25:45", "mode": "test", "bot_run": "20250804_201132"}
{"timestamp": "2025-08-05T00:55:41.808116Z", "side": "SELL", "price": 115056.83, "quantity": 9e-05, "bot_name": "114362_2025_08_04_13:48:43", "mode": "test", "bot_run": "20250804_201123"}
{"timestamp": "2025-08-05T00:55:43.732158Z", "side": "BUY", "price": 115051.24, "quantity": 9e-05, "bot_name": "114483_2025_08_04_15:25:45", "mode": "test", "bot_run": "20250804_201132"}
{"timestamp": "2025-08-05T00:55:53.888446Z", "side": "SELL", "price": 115062.75, "quantity": 9e-05, "bot_name": "114483_2025_08_04_15:25:45", "mode": "test", "bot_run": "20250804_201132"}
{"timestamp": "2025-08-05T00:56:02.121584Z", "side": "SELL", "price": 115068.34, "quantity": 9e-05, "bot_name": "114362_2025_08_04_13:48:43", "mode": "test", "bot_run": "20250804_201123"}
{"timestamp": "2025-08-05T00:56:02.122054Z", "side": "SELL", "price": 115079.85, "quantity": 9e-05, "bot_name": "114362_2025_08_04_13:48:43", "mode": "test", "bot_run": "20250804_201123"}
{"timestamp": "2025-08-05T00:56:04.041553Z", "side": "SELL", "price": 115074.26, "quantity": 9e-05, "bot_name": "114483_2025_08_04_15:25:45", "mode": "test", "bot_run": "20250804_201132"}
{"timestamp": "2025-08-05T00:56:04.042016Z", "side": "SELL", "price": 115085.77, "quantity": 9e-05, "bot_name": "114483_2025_08_04_15:25:45", "mode": "test", "bot_run": "20250804_201132"}
{"timestamp": "2025-08-05T00:56:14.868723Z", "side": "SELL", "price": 115097.28, "quantity": 9e-05, "bot_name": "114483_2025_08_04_15:25:45", "mode": "test", "bot_run": "20250804_201132"}
{"timestamp": "2025-08-05T00:56:18.023561Z", "side": "SELL", "price": 115091.36, "quantity": 9e-05, "bot_name": "114362_2025_08_04_13:48:43", "mode": "test", "bot_run": "20250804_201123"}
{"timestamp": "2025-08-05T00:56:18.024055Z", "side": "SELL", "price": 115102.87, "quantity": 9e-05, "bot_name": "114362_2025_08_04_13:48:43", "mode": "test", "bot_run": "20250804_201123"}
