{"timestamp": "2025-08-04T12:40:06.303776Z", "side": "BUY", "price": 114591.94, "quantity": 9e-05, "bot_name": "114483_2025_08_04_15:25:45", "mode": "test", "bot_run": "20250804_123959"}
{"timestamp": "2025-08-04T12:40:08.191377Z", "side": "BUY", "price": 114585.68, "quantity": 9e-05, "bot_name": "113587", "mode": "test", "bot_run": "20250804_124001"}
{"timestamp": "2025-08-04T12:40:15.364492Z", "side": "SELL", "price": 114586.05, "quantity": 9e-05, "bot_name": "114362_2025_08_04_13:48:43", "mode": "test", "bot_run": "20250804_124003"}
{"timestamp": "2025-08-04T12:40:28.495912Z", "side": "SELL", "price": 114597.14, "quantity": 9e-05, "bot_name": "113587", "mode": "test", "bot_run": "20250804_124001"}
{"timestamp": "2025-08-04T12:40:35.676848Z", "side": "SELL", "price": 114597.51, "quantity": 9e-05, "bot_name": "114362_2025_08_04_13:48:43", "mode": "test", "bot_run": "20250804_124003"}
{"timestamp": "2025-08-04T12:40:38.785741Z", "side": "SELL", "price": 114608.6, "quantity": 9e-05, "bot_name": "113587", "mode": "test", "bot_run": "20250804_124001"}
{"timestamp": "2025-08-04T12:40:46.965128Z", "side": "SELL", "price": 114603.4, "quantity": 9e-05, "bot_name": "114483_2025_08_04_15:25:45", "mode": "test", "bot_run": "20250804_123959"}
{"timestamp": "2025-08-04T12:40:50.907774Z", "side": "SELL", "price": 114608.97, "quantity": 9e-05, "bot_name": "114362_2025_08_04_13:48:43", "mode": "test", "bot_run": "20250804_124003"}
{"timestamp": "2025-08-04T12:41:09.879650Z", "side": "SELL", "price": 114620.06, "quantity": 9e-05, "bot_name": "113587", "mode": "test", "bot_run": "20250804_124001"}
{"timestamp": "2025-08-04T12:41:11.850331Z", "side": "SELL", "price": 114620.43, "quantity": 9e-05, "bot_name": "114362_2025_08_04_13:48:43", "mode": "test", "bot_run": "20250804_124003"}
{"timestamp": "2025-08-04T12:41:12.981348Z", "side": "SELL", "price": 114614.86, "quantity": 9e-05, "bot_name": "114483_2025_08_04_15:25:45", "mode": "test", "bot_run": "20250804_123959"}
{"timestamp": "2025-08-04T12:41:12.981978Z", "side": "SELL", "price": 114626.32, "quantity": 9e-05, "bot_name": "114483_2025_08_04_15:25:45", "mode": "test", "bot_run": "20250804_123959"}
{"timestamp": "2025-08-04T12:41:20.037167Z", "side": "SELL", "price": 114631.52, "quantity": 9e-05, "bot_name": "113587", "mode": "test", "bot_run": "20250804_124001"}
{"timestamp": "2025-08-04T12:41:32.160835Z", "side": "SELL", "price": 114631.89, "quantity": 9e-05, "bot_name": "114362_2025_08_04_13:48:43", "mode": "test", "bot_run": "20250804_124003"}
{"timestamp": "2025-08-04T12:41:37.241261Z", "side": "SELL", "price": 114643.35, "quantity": 9e-05, "bot_name": "114362_2025_08_04_13:48:43", "mode": "test", "bot_run": "20250804_124003"}
{"timestamp": "2025-08-04T12:41:38.674565Z", "side": "SELL", "price": 114637.78, "quantity": 9e-05, "bot_name": "114483_2025_08_04_15:25:45", "mode": "test", "bot_run": "20250804_123959"}
{"timestamp": "2025-08-04T12:41:45.430690Z", "side": "SELL", "price": 114642.98, "quantity": 9e-05, "bot_name": "113587", "mode": "test", "bot_run": "20250804_124001"}
{"timestamp": "2025-08-04T12:41:45.431285Z", "side": "SELL", "price": 114654.45, "quantity": 9e-05, "bot_name": "113587", "mode": "test", "bot_run": "20250804_124001"}
{"timestamp": "2025-08-04T12:41:47.394974Z", "side": "SELL", "price": 114654.82, "quantity": 9e-05, "bot_name": "114362_2025_08_04_13:48:43", "mode": "test", "bot_run": "20250804_124003"}
{"timestamp": "2025-08-04T12:41:48.852372Z", "side": "SELL", "price": 114649.24, "quantity": 9e-05, "bot_name": "114483_2025_08_04_15:25:45", "mode": "test", "bot_run": "20250804_123959"}
{"timestamp": "2025-08-04T12:41:48.853158Z", "side": "SELL", "price": 114660.71, "quantity": 9e-05, "bot_name": "114483_2025_08_04_15:25:45", "mode": "test", "bot_run": "20250804_123959"}
{"timestamp": "2025-08-04T12:41:52.472631Z", "side": "SELL", "price": 114666.29, "quantity": 9e-05, "bot_name": "114362_2025_08_04_13:48:43", "mode": "test", "bot_run": "20250804_124003"}
{"timestamp": "2025-08-04T12:42:00.670007Z", "side": "SELL", "price": 114665.92, "quantity": 9e-05, "bot_name": "113587", "mode": "test", "bot_run": "20250804_124001"}
{"timestamp": "2025-08-04T12:42:07.705751Z", "side": "BUY", "price": 114654.82, "quantity": 9e-05, "bot_name": "114362_2025_08_04_13:48:43", "mode": "test", "bot_run": "20250804_124003"}
{"timestamp": "2025-08-04T12:42:07.706218Z", "side": "BUY", "price": 114643.35, "quantity": 9e-05, "bot_name": "114362_2025_08_04_13:48:43", "mode": "test", "bot_run": "20250804_124003"}
{"timestamp": "2025-08-04T12:42:10.169339Z", "side": "BUY", "price": 114649.24, "quantity": 9e-05, "bot_name": "114483_2025_08_04_15:25:45", "mode": "test", "bot_run": "20250804_123959"}
{"timestamp": "2025-08-04T12:42:11.455984Z", "side": "BUY", "price": 114654.45, "quantity": 9e-05, "bot_name": "113587", "mode": "test", "bot_run": "20250804_124001"}
{"timestamp": "2025-08-04T12:42:11.456364Z", "side": "BUY", "price": 114642.98, "quantity": 9e-05, "bot_name": "113587", "mode": "test", "bot_run": "20250804_124001"}
{"timestamp": "2025-08-04T12:42:15.249789Z", "side": "BUY", "price": 114637.78, "quantity": 9e-05, "bot_name": "114483_2025_08_04_15:25:45", "mode": "test", "bot_run": "20250804_123959"}
{"timestamp": "2025-08-04T12:42:16.534742Z", "side": "BUY", "price": 114631.52, "quantity": 9e-05, "bot_name": "113587", "mode": "test", "bot_run": "20250804_124001"}
{"timestamp": "2025-08-04T12:42:18.489316Z", "side": "BUY", "price": 114631.89, "quantity": 9e-05, "bot_name": "114362_2025_08_04_13:48:43", "mode": "test", "bot_run": "20250804_124003"}
{"timestamp": "2025-08-04T12:42:25.408340Z", "side": "BUY", "price": 114626.32, "quantity": 9e-05, "bot_name": "114483_2025_08_04_15:25:45", "mode": "test", "bot_run": "20250804_123959"}
{"timestamp": "2025-08-04T12:42:47.000384Z", "side": "BUY", "price": 114620.06, "quantity": 9e-05, "bot_name": "113587", "mode": "test", "bot_run": "20250804_124001"}
{"timestamp": "2025-08-04T12:42:48.956723Z", "side": "BUY", "price": 114620.43, "quantity": 9e-05, "bot_name": "114362_2025_08_04_13:48:43", "mode": "test", "bot_run": "20250804_124003"}
{"timestamp": "2025-08-04T12:43:06.070599Z", "side": "BUY", "price": 114614.86, "quantity": 9e-05, "bot_name": "114483_2025_08_04_15:25:45", "mode": "test", "bot_run": "20250804_123959"}
{"timestamp": "2025-08-04T12:43:11.770522Z", "side": "BUY", "price": 114603.4, "quantity": 9e-05, "bot_name": "114483_2025_08_04_15:25:45", "mode": "test", "bot_run": "20250804_123959"}
{"timestamp": "2025-08-04T12:43:13.034148Z", "side": "BUY", "price": 114608.6, "quantity": 9e-05, "bot_name": "113587", "mode": "test", "bot_run": "20250804_124001"}
{"timestamp": "2025-08-04T12:43:14.975508Z", "side": "BUY", "price": 114608.97, "quantity": 9e-05, "bot_name": "114362_2025_08_04_13:48:43", "mode": "test", "bot_run": "20250804_124003"}
{"timestamp": "2025-08-04T12:43:42.396071Z", "side": "BUY", "price": 114591.94, "quantity": 9e-05, "bot_name": "114483_2025_08_04_15:25:45", "mode": "test", "bot_run": "20250804_123959"}
{"timestamp": "2025-08-04T12:43:43.497543Z", "side": "BUY", "price": 114597.14, "quantity": 9e-05, "bot_name": "113587", "mode": "test", "bot_run": "20250804_124001"}
{"timestamp": "2025-08-04T12:43:45.440215Z", "side": "BUY", "price": 114597.51, "quantity": 9e-05, "bot_name": "114362_2025_08_04_13:48:43", "mode": "test", "bot_run": "20250804_124003"}
{"timestamp": "2025-08-04T12:44:29.935339Z", "side": "BUY", "price": 114585.68, "quantity": 9e-05, "bot_name": "113587", "mode": "test", "bot_run": "20250804_124001"}
{"timestamp": "2025-08-04T12:44:36.977935Z", "side": "BUY", "price": 114586.05, "quantity": 9e-05, "bot_name": "114362_2025_08_04_13:48:43", "mode": "test", "bot_run": "20250804_124003"}
{"timestamp": "2025-08-04T12:45:04.410740Z", "side": "BUY", "price": 114580.48, "quantity": 9e-05, "bot_name": "114483_2025_08_04_15:25:45", "mode": "test", "bot_run": "20250804_123959"}
{"timestamp": "2025-08-04T12:45:04.411174Z", "side": "BUY", "price": 114569.02, "quantity": 9e-05, "bot_name": "114483_2025_08_04_15:25:45", "mode": "test", "bot_run": "20250804_123959"}
{"timestamp": "2025-08-04T12:45:05.472389Z", "side": "BUY", "price": 114574.22, "quantity": 9e-05, "bot_name": "113587", "mode": "test", "bot_run": "20250804_124001"}
{"timestamp": "2025-08-04T12:45:05.472843Z", "side": "BUY", "price": 114562.76, "quantity": 9e-05, "bot_name": "113587", "mode": "test", "bot_run": "20250804_124001"}
{"timestamp": "2025-08-04T12:45:07.441708Z", "side": "BUY", "price": 114574.59, "quantity": 9e-05, "bot_name": "114362_2025_08_04_13:48:43", "mode": "test", "bot_run": "20250804_124003"}
{"timestamp": "2025-08-04T12:45:07.442407Z", "side": "BUY", "price": 114563.13, "quantity": 9e-05, "bot_name": "114362_2025_08_04_13:48:43", "mode": "test", "bot_run": "20250804_124003"}
{"timestamp": "2025-08-04T12:45:15.187236Z", "side": "BUY", "price": 114557.56, "quantity": 9e-05, "bot_name": "114483_2025_08_04_15:25:45", "mode": "test", "bot_run": "20250804_123959"}
{"timestamp": "2025-08-04T12:45:20.264925Z", "side": "SELL", "price": 114569.02, "quantity": 9e-05, "bot_name": "114483_2025_08_04_15:25:45", "mode": "test", "bot_run": "20250804_123959"}
{"timestamp": "2025-08-04T12:45:43.613770Z", "side": "BUY", "price": 114551.67, "quantity": 9e-05, "bot_name": "114362_2025_08_04_13:48:43", "mode": "test", "bot_run": "20250804_124003"}
{"timestamp": "2025-08-04T12:45:45.664170Z", "side": "BUY", "price": 114557.56, "quantity": 9e-05, "bot_name": "114483_2025_08_04_15:25:45", "mode": "test", "bot_run": "20250804_123959"}
{"timestamp": "2025-08-04T12:45:45.664411Z", "side": "BUY", "price": 114546.1, "quantity": 9e-05, "bot_name": "114483_2025_08_04_15:25:45", "mode": "test", "bot_run": "20250804_123959"}
{"timestamp": "2025-08-04T12:45:46.719361Z", "side": "BUY", "price": 114551.3, "quantity": 9e-05, "bot_name": "113587", "mode": "test", "bot_run": "20250804_124001"}
{"timestamp": "2025-08-04T12:45:53.780838Z", "side": "SELL", "price": 114563.13, "quantity": 9e-05, "bot_name": "114362_2025_08_04_13:48:43", "mode": "test", "bot_run": "20250804_124003"}
{"timestamp": "2025-08-04T12:45:55.818982Z", "side": "SELL", "price": 114557.56, "quantity": 9e-05, "bot_name": "114483_2025_08_04_15:25:45", "mode": "test", "bot_run": "20250804_123959"}
{"timestamp": "2025-08-04T12:45:56.881040Z", "side": "SELL", "price": 114562.76, "quantity": 9e-05, "bot_name": "113587", "mode": "test", "bot_run": "20250804_124001"}
{"timestamp": "2025-08-04T12:46:00.898972Z", "side": "SELL", "price": 114569.02, "quantity": 9e-05, "bot_name": "114483_2025_08_04_15:25:45", "mode": "test", "bot_run": "20250804_123959"}
{"timestamp": "2025-08-04T12:46:01.963136Z", "side": "SELL", "price": 114574.22, "quantity": 9e-05, "bot_name": "113587", "mode": "test", "bot_run": "20250804_124001"}
{"timestamp": "2025-08-04T12:46:14.093280Z", "side": "SELL", "price": 114574.59, "quantity": 9e-05, "bot_name": "114362_2025_08_04_13:48:43", "mode": "test", "bot_run": "20250804_124003"}
{"timestamp": "2025-08-04T12:46:16.745677Z", "side": "SELL", "price": 114580.48, "quantity": 9e-05, "bot_name": "114483_2025_08_04_15:25:45", "mode": "test", "bot_run": "20250804_123959"}
{"timestamp": "2025-08-04T12:46:17.813277Z", "side": "SELL", "price": 114585.68, "quantity": 9e-05, "bot_name": "113587", "mode": "test", "bot_run": "20250804_124001"}
{"timestamp": "2025-08-04T12:46:22.891943Z", "side": "BUY", "price": 114574.22, "quantity": 9e-05, "bot_name": "113587", "mode": "test", "bot_run": "20250804_124001"}
{"timestamp": "2025-08-04T12:46:26.904329Z", "side": "BUY", "price": 114569.02, "quantity": 9e-05, "bot_name": "114483_2025_08_04_15:25:45", "mode": "test", "bot_run": "20250804_123959"}
{"timestamp": "2025-08-04T12:46:38.128982Z", "side": "BUY", "price": 114562.76, "quantity": 9e-05, "bot_name": "113587", "mode": "test", "bot_run": "20250804_124001"}
{"timestamp": "2025-08-04T12:46:40.116501Z", "side": "BUY", "price": 114563.13, "quantity": 9e-05, "bot_name": "114362_2025_08_04_13:48:43", "mode": "test", "bot_run": "20250804_124003"}
{"timestamp": "2025-08-04T12:46:53.361792Z", "side": "SELL", "price": 114574.22, "quantity": 9e-05, "bot_name": "113587", "mode": "test", "bot_run": "20250804_124001"}
{"timestamp": "2025-08-04T12:47:00.434776Z", "side": "SELL", "price": 114574.59, "quantity": 9e-05, "bot_name": "114362_2025_08_04_13:48:43", "mode": "test", "bot_run": "20250804_124003"}
{"timestamp": "2025-08-04T12:47:07.528410Z", "side": "SELL", "price": 114580.48, "quantity": 9e-05, "bot_name": "114483_2025_08_04_15:25:45", "mode": "test", "bot_run": "20250804_123959"}
{"timestamp": "2025-08-04T12:47:12.606986Z", "side": "BUY", "price": 114569.02, "quantity": 9e-05, "bot_name": "114483_2025_08_04_15:25:45", "mode": "test", "bot_run": "20250804_123959"}
{"timestamp": "2025-08-04T12:47:18.307190Z", "side": "SELL", "price": 114580.48, "quantity": 9e-05, "bot_name": "114483_2025_08_04_15:25:45", "mode": "test", "bot_run": "20250804_123959"}
{"timestamp": "2025-08-04T12:47:19.373717Z", "side": "SELL", "price": 114585.68, "quantity": 9e-05, "bot_name": "113587", "mode": "test", "bot_run": "20250804_124001"}
{"timestamp": "2025-08-04T12:47:31.522536Z", "side": "SELL", "price": 114586.05, "quantity": 9e-05, "bot_name": "114362_2025_08_04_13:48:43", "mode": "test", "bot_run": "20250804_124003"}
{"timestamp": "2025-08-04T12:47:41.674874Z", "side": "BUY", "price": 114574.59, "quantity": 9e-05, "bot_name": "114362_2025_08_04_13:48:43", "mode": "test", "bot_run": "20250804_124003"}
{"timestamp": "2025-08-04T12:47:44.759297Z", "side": "BUY", "price": 114574.22, "quantity": 9e-05, "bot_name": "113587", "mode": "test", "bot_run": "20250804_124001"}
{"timestamp": "2025-08-04T12:48:31.078510Z", "side": "BUY", "price": 114562.76, "quantity": 9e-05, "bot_name": "113587", "mode": "test", "bot_run": "20250804_124001"}
{"timestamp": "2025-08-04T12:48:33.072876Z", "side": "BUY", "price": 114563.13, "quantity": 9e-05, "bot_name": "114362_2025_08_04_13:48:43", "mode": "test", "bot_run": "20250804_124003"}
{"timestamp": "2025-08-04T12:48:33.073292Z", "side": "BUY", "price": 114551.67, "quantity": 9e-05, "bot_name": "114362_2025_08_04_13:48:43", "mode": "test", "bot_run": "20250804_124003"}
{"timestamp": "2025-08-04T12:48:35.089865Z", "side": "BUY", "price": 114569.02, "quantity": 9e-05, "bot_name": "114483_2025_08_04_15:25:45", "mode": "test", "bot_run": "20250804_123959"}
{"timestamp": "2025-08-04T12:48:35.090250Z", "side": "BUY", "price": 114557.56, "quantity": 9e-05, "bot_name": "114483_2025_08_04_15:25:45", "mode": "test", "bot_run": "20250804_123959"}
{"timestamp": "2025-08-04T12:49:21.402939Z", "side": "BUY", "price": 114546.1, "quantity": 9e-05, "bot_name": "114483_2025_08_04_15:25:45", "mode": "test", "bot_run": "20250804_123959"}
{"timestamp": "2025-08-04T12:49:22.648679Z", "side": "BUY", "price": 114551.3, "quantity": 9e-05, "bot_name": "113587", "mode": "test", "bot_run": "20250804_124001"}
{"timestamp": "2025-08-04T12:49:22.649095Z", "side": "BUY", "price": 114539.84, "quantity": 9e-05, "bot_name": "113587", "mode": "test", "bot_run": "20250804_124001"}
{"timestamp": "2025-08-04T12:49:29.549661Z", "side": "BUY", "price": 114540.21, "quantity": 9e-05, "bot_name": "114362_2025_08_04_13:48:43", "mode": "test", "bot_run": "20250804_124003"}
{"timestamp": "2025-08-04T12:50:18.521982Z", "side": "SELL", "price": 114551.3, "quantity": 9e-05, "bot_name": "113587", "mode": "test", "bot_run": "20250804_124001"}
{"timestamp": "2025-08-04T12:50:20.321005Z", "side": "SELL", "price": 114551.67, "quantity": 9e-05, "bot_name": "114362_2025_08_04_13:48:43", "mode": "test", "bot_run": "20250804_124003"}
{"timestamp": "2025-08-04T12:50:28.303846Z", "side": "BUY", "price": 114534.65, "quantity": 9e-05, "bot_name": "114483_2025_08_04_15:25:45", "mode": "test", "bot_run": "20250804_123959"}
{"timestamp": "2025-08-04T12:50:29.294215Z", "side": "BUY", "price": 114539.84, "quantity": 9e-05, "bot_name": "113587", "mode": "test", "bot_run": "20250804_124001"}
{"timestamp": "2025-08-04T12:50:31.105244Z", "side": "BUY", "price": 114540.21, "quantity": 9e-05, "bot_name": "114362_2025_08_04_13:48:43", "mode": "test", "bot_run": "20250804_124003"}
{"timestamp": "2025-08-04T12:50:39.448751Z", "side": "BUY", "price": 114528.39, "quantity": 9e-05, "bot_name": "113587", "mode": "test", "bot_run": "20250804_124001"}
{"timestamp": "2025-08-04T12:50:41.261593Z", "side": "BUY", "price": 114528.76, "quantity": 9e-05, "bot_name": "114362_2025_08_04_13:48:43", "mode": "test", "bot_run": "20250804_124003"}
{"timestamp": "2025-08-04T12:50:43.542136Z", "side": "BUY", "price": 114523.2, "quantity": 9e-05, "bot_name": "114483_2025_08_04_15:25:45", "mode": "test", "bot_run": "20250804_123959"}
{"timestamp": "2025-08-04T12:51:03.862832Z", "side": "SELL", "price": 114534.65, "quantity": 9e-05, "bot_name": "114483_2025_08_04_15:25:45", "mode": "test", "bot_run": "20250804_123959"}
{"timestamp": "2025-08-04T12:51:06.649442Z", "side": "SELL", "price": 114540.21, "quantity": 9e-05, "bot_name": "114362_2025_08_04_13:48:43", "mode": "test", "bot_run": "20250804_124003"}
{"timestamp": "2025-08-04T12:51:11.730919Z", "side": "BUY", "price": 114528.76, "quantity": 9e-05, "bot_name": "114362_2025_08_04_13:48:43", "mode": "test", "bot_run": "20250804_124003"}
{"timestamp": "2025-08-04T12:51:15.001066Z", "side": "SELL", "price": 114539.84, "quantity": 9e-05, "bot_name": "113587", "mode": "test", "bot_run": "20250804_124001"}
{"timestamp": "2025-08-04T12:51:15.001546Z", "side": "SELL", "price": 114551.3, "quantity": 9e-05, "bot_name": "113587", "mode": "test", "bot_run": "20250804_124001"}
{"timestamp": "2025-08-04T12:51:16.810847Z", "side": "SELL", "price": 114540.21, "quantity": 9e-05, "bot_name": "114362_2025_08_04_13:48:43", "mode": "test", "bot_run": "20250804_124003"}
{"timestamp": "2025-08-04T12:51:16.811454Z", "side": "SELL", "price": 114551.67, "quantity": 9e-05, "bot_name": "114362_2025_08_04_13:48:43", "mode": "test", "bot_run": "20250804_124003"}
{"timestamp": "2025-08-04T12:51:19.100760Z", "side": "SELL", "price": 114546.1, "quantity": 9e-05, "bot_name": "114483_2025_08_04_15:25:45", "mode": "test", "bot_run": "20250804_123959"}
{"timestamp": "2025-08-04T12:51:29.872854Z", "side": "SELL", "price": 114557.56, "quantity": 9e-05, "bot_name": "114483_2025_08_04_15:25:45", "mode": "test", "bot_run": "20250804_123959"}
{"timestamp": "2025-08-04T12:51:30.850468Z", "side": "SELL", "price": 114562.76, "quantity": 9e-05, "bot_name": "113587", "mode": "test", "bot_run": "20250804_124001"}
{"timestamp": "2025-08-04T12:51:32.675133Z", "side": "SELL", "price": 114563.13, "quantity": 9e-05, "bot_name": "114362_2025_08_04_13:48:43", "mode": "test", "bot_run": "20250804_124003"}
{"timestamp": "2025-08-04T12:51:34.954004Z", "side": "SELL", "price": 114569.02, "quantity": 9e-05, "bot_name": "114483_2025_08_04_15:25:45", "mode": "test", "bot_run": "20250804_123959"}
{"timestamp": "2025-08-04T12:51:42.825676Z", "side": "SELL", "price": 114574.59, "quantity": 9e-05, "bot_name": "114362_2025_08_04_13:48:43", "mode": "test", "bot_run": "20250804_124003"}
{"timestamp": "2025-08-04T12:51:46.079559Z", "side": "SELL", "price": 114574.22, "quantity": 9e-05, "bot_name": "113587", "mode": "test", "bot_run": "20250804_124001"}
{"timestamp": "2025-08-04T12:51:55.263513Z", "side": "SELL", "price": 114580.48, "quantity": 9e-05, "bot_name": "114483_2025_08_04_15:25:45", "mode": "test", "bot_run": "20250804_123959"}
{"timestamp": "2025-08-04T12:51:55.263932Z", "side": "SELL", "price": 114591.94, "quantity": 9e-05, "bot_name": "114483_2025_08_04_15:25:45", "mode": "test", "bot_run": "20250804_123959"}
{"timestamp": "2025-08-04T12:51:56.232664Z", "side": "SELL", "price": 114585.68, "quantity": 9e-05, "bot_name": "113587", "mode": "test", "bot_run": "20250804_124001"}
{"timestamp": "2025-08-04T12:51:56.233305Z", "side": "SELL", "price": 114597.14, "quantity": 9e-05, "bot_name": "113587", "mode": "test", "bot_run": "20250804_124001"}
{"timestamp": "2025-08-04T12:51:58.055418Z", "side": "SELL", "price": 114586.05, "quantity": 9e-05, "bot_name": "114362_2025_08_04_13:48:43", "mode": "test", "bot_run": "20250804_124003"}
{"timestamp": "2025-08-04T12:51:58.055833Z", "side": "SELL", "price": 114597.51, "quantity": 9e-05, "bot_name": "114362_2025_08_04_13:48:43", "mode": "test", "bot_run": "20250804_124003"}
{"timestamp": "2025-08-04T12:52:20.644635Z", "side": "SELL", "price": 114603.4, "quantity": 9e-05, "bot_name": "114483_2025_08_04_15:25:45", "mode": "test", "bot_run": "20250804_123959"}
{"timestamp": "2025-08-04T12:52:23.445222Z", "side": "SELL", "price": 114608.97, "quantity": 9e-05, "bot_name": "114362_2025_08_04_13:48:43", "mode": "test", "bot_run": "20250804_124003"}
{"timestamp": "2025-08-04T12:52:23.445679Z", "side": "SELL", "price": 114620.43, "quantity": 9e-05, "bot_name": "114362_2025_08_04_13:48:43", "mode": "test", "bot_run": "20250804_124003"}
{"timestamp": "2025-08-04T12:52:26.340611Z", "side": "SELL", "price": 114614.86, "quantity": 9e-05, "bot_name": "114483_2025_08_04_15:25:45", "mode": "test", "bot_run": "20250804_123959"}
{"timestamp": "2025-08-04T12:52:27.342610Z", "side": "SELL", "price": 114608.6, "quantity": 9e-05, "bot_name": "113587", "mode": "test", "bot_run": "20250804_124001"}
{"timestamp": "2025-08-04T12:52:27.343031Z", "side": "SELL", "price": 114620.06, "quantity": 9e-05, "bot_name": "113587", "mode": "test", "bot_run": "20250804_124001"}
{"timestamp": "2025-08-04T12:52:39.303598Z", "side": "BUY", "price": 114608.97, "quantity": 9e-05, "bot_name": "114362_2025_08_04_13:48:43", "mode": "test", "bot_run": "20250804_124003"}
{"timestamp": "2025-08-04T12:52:41.572441Z", "side": "BUY", "price": 114603.4, "quantity": 9e-05, "bot_name": "114483_2025_08_04_15:25:45", "mode": "test", "bot_run": "20250804_123959"}
{"timestamp": "2025-08-04T12:52:41.572850Z", "side": "BUY", "price": 114591.94, "quantity": 9e-05, "bot_name": "114483_2025_08_04_15:25:45", "mode": "test", "bot_run": "20250804_123959"}
{"timestamp": "2025-08-04T12:52:42.576273Z", "side": "BUY", "price": 114608.6, "quantity": 9e-05, "bot_name": "113587", "mode": "test", "bot_run": "20250804_124001"}
{"timestamp": "2025-08-04T12:52:42.576677Z", "side": "BUY", "price": 114597.14, "quantity": 9e-05, "bot_name": "113587", "mode": "test", "bot_run": "20250804_124001"}
{"timestamp": "2025-08-04T12:52:44.379620Z", "side": "BUY", "price": 114597.51, "quantity": 9e-05, "bot_name": "114362_2025_08_04_13:48:43", "mode": "test", "bot_run": "20250804_124003"}
{"timestamp": "2025-08-04T12:52:59.611781Z", "side": "SELL", "price": 114608.97, "quantity": 9e-05, "bot_name": "114362_2025_08_04_13:48:43", "mode": "test", "bot_run": "20250804_124003"}
{"timestamp": "2025-08-04T12:53:01.883091Z", "side": "SELL", "price": 114603.4, "quantity": 9e-05, "bot_name": "114483_2025_08_04_15:25:45", "mode": "test", "bot_run": "20250804_123959"}
{"timestamp": "2025-08-04T12:53:01.883487Z", "side": "SELL", "price": 114614.86, "quantity": 9e-05, "bot_name": "114483_2025_08_04_15:25:45", "mode": "test", "bot_run": "20250804_123959"}
{"timestamp": "2025-08-04T12:53:02.884612Z", "side": "SELL", "price": 114608.6, "quantity": 9e-05, "bot_name": "113587", "mode": "test", "bot_run": "20250804_124001"}
{"timestamp": "2025-08-04T12:53:27.891074Z", "side": "BUY", "price": 114603.4, "quantity": 9e-05, "bot_name": "114483_2025_08_04_15:25:45", "mode": "test", "bot_run": "20250804_123959"}
{"timestamp": "2025-08-04T12:53:28.894219Z", "side": "BUY", "price": 114597.14, "quantity": 9e-05, "bot_name": "113587", "mode": "test", "bot_run": "20250804_124001"}
{"timestamp": "2025-08-04T12:53:30.703763Z", "side": "BUY", "price": 114597.51, "quantity": 9e-05, "bot_name": "114362_2025_08_04_13:48:43", "mode": "test", "bot_run": "20250804_124003"}
{"timestamp": "2025-08-04T12:54:11.324107Z", "side": "SELL", "price": 114608.97, "quantity": 9e-05, "bot_name": "114362_2025_08_04_13:48:43", "mode": "test", "bot_run": "20250804_124003"}
{"timestamp": "2025-08-04T12:54:14.588004Z", "side": "SELL", "price": 114608.6, "quantity": 9e-05, "bot_name": "113587", "mode": "test", "bot_run": "20250804_124001"}
{"timestamp": "2025-08-04T12:54:42.412880Z", "side": "BUY", "price": 114597.51, "quantity": 9e-05, "bot_name": "114362_2025_08_04_13:48:43", "mode": "test", "bot_run": "20250804_124003"}
{"timestamp": "2025-08-04T12:54:44.679440Z", "side": "BUY", "price": 114591.94, "quantity": 9e-05, "bot_name": "114483_2025_08_04_15:25:45", "mode": "test", "bot_run": "20250804_123959"}
{"timestamp": "2025-08-04T12:54:45.692357Z", "side": "BUY", "price": 114597.14, "quantity": 9e-05, "bot_name": "113587", "mode": "test", "bot_run": "20250804_124001"}
{"timestamp": "2025-08-04T12:54:55.847420Z", "side": "BUY", "price": 114585.68, "quantity": 9e-05, "bot_name": "113587", "mode": "test", "bot_run": "20250804_124001"}
{"timestamp": "2025-08-04T12:54:57.645308Z", "side": "BUY", "price": 114586.05, "quantity": 9e-05, "bot_name": "114362_2025_08_04_13:48:43", "mode": "test", "bot_run": "20250804_124003"}
{"timestamp": "2025-08-04T12:54:59.922238Z", "side": "BUY", "price": 114580.48, "quantity": 9e-05, "bot_name": "114483_2025_08_04_15:25:45", "mode": "test", "bot_run": "20250804_123959"}
{"timestamp": "2025-08-04T12:55:00.933277Z", "side": "BUY", "price": 114574.22, "quantity": 9e-05, "bot_name": "113587", "mode": "test", "bot_run": "20250804_124001"}
{"timestamp": "2025-08-04T12:55:02.722450Z", "side": "BUY", "price": 114574.59, "quantity": 9e-05, "bot_name": "114362_2025_08_04_13:48:43", "mode": "test", "bot_run": "20250804_124003"}
{"timestamp": "2025-08-04T12:55:07.801448Z", "side": "SELL", "price": 114586.05, "quantity": 9e-05, "bot_name": "114362_2025_08_04_13:48:43", "mode": "test", "bot_run": "20250804_124003"}
{"timestamp": "2025-08-04T12:55:11.103488Z", "side": "SELL", "price": 114585.68, "quantity": 9e-05, "bot_name": "113587", "mode": "test", "bot_run": "20250804_124001"}
{"timestamp": "2025-08-04T12:55:38.895376Z", "side": "BUY", "price": 114574.59, "quantity": 9e-05, "bot_name": "114362_2025_08_04_13:48:43", "mode": "test", "bot_run": "20250804_124003"}
{"timestamp": "2025-08-04T12:55:41.191917Z", "side": "BUY", "price": 114569.02, "quantity": 9e-05, "bot_name": "114483_2025_08_04_15:25:45", "mode": "test", "bot_run": "20250804_123959"}
{"timestamp": "2025-08-04T12:55:42.195152Z", "side": "BUY", "price": 114574.22, "quantity": 9e-05, "bot_name": "113587", "mode": "test", "bot_run": "20250804_124001"}
{"timestamp": "2025-08-04T12:55:42.195580Z", "side": "BUY", "price": 114562.76, "quantity": 9e-05, "bot_name": "113587", "mode": "test", "bot_run": "20250804_124001"}
{"timestamp": "2025-08-04T12:55:43.974283Z", "side": "BUY", "price": 114563.13, "quantity": 9e-05, "bot_name": "114362_2025_08_04_13:48:43", "mode": "test", "bot_run": "20250804_124003"}
{"timestamp": "2025-08-04T12:55:51.349662Z", "side": "SELL", "price": 114580.48, "quantity": 9e-05, "bot_name": "114483_2025_08_04_15:25:45", "mode": "test", "bot_run": "20250804_123959"}
{"timestamp": "2025-08-04T12:55:57.432380Z", "side": "SELL", "price": 114574.22, "quantity": 9e-05, "bot_name": "113587", "mode": "test", "bot_run": "20250804_124001"}
{"timestamp": "2025-08-04T12:56:11.662522Z", "side": "BUY", "price": 114569.02, "quantity": 9e-05, "bot_name": "114483_2025_08_04_15:25:45", "mode": "test", "bot_run": "20250804_123959"}
{"timestamp": "2025-08-04T12:56:12.670731Z", "side": "BUY", "price": 114562.76, "quantity": 9e-05, "bot_name": "113587", "mode": "test", "bot_run": "20250804_124001"}
{"timestamp": "2025-08-04T12:56:19.660441Z", "side": "SELL", "price": 114574.59, "quantity": 9e-05, "bot_name": "114362_2025_08_04_13:48:43", "mode": "test", "bot_run": "20250804_124003"}
{"timestamp": "2025-08-04T12:56:21.816601Z", "side": "SELL", "price": 114580.48, "quantity": 9e-05, "bot_name": "114483_2025_08_04_15:25:45", "mode": "test", "bot_run": "20250804_123959"}
{"timestamp": "2025-08-04T12:56:22.825997Z", "side": "SELL", "price": 114574.22, "quantity": 9e-05, "bot_name": "113587", "mode": "test", "bot_run": "20250804_124001"}
{"timestamp": "2025-08-04T12:56:38.671926Z", "side": "SELL", "price": 114585.68, "quantity": 9e-05, "bot_name": "113587", "mode": "test", "bot_run": "20250804_124001"}
{"timestamp": "2025-08-04T12:56:40.596287Z", "side": "SELL", "price": 114586.05, "quantity": 9e-05, "bot_name": "114362_2025_08_04_13:48:43", "mode": "test", "bot_run": "20250804_124003"}
{"timestamp": "2025-08-04T12:56:47.821767Z", "side": "SELL", "price": 114591.94, "quantity": 9e-05, "bot_name": "114483_2025_08_04_15:25:45", "mode": "test", "bot_run": "20250804_123959"}
{"timestamp": "2025-08-04T12:56:47.822268Z", "side": "SELL", "price": 114603.4, "quantity": 9e-05, "bot_name": "114483_2025_08_04_15:25:45", "mode": "test", "bot_run": "20250804_123959"}
{"timestamp": "2025-08-04T12:56:48.827850Z", "side": "SELL", "price": 114597.14, "quantity": 9e-05, "bot_name": "113587", "mode": "test", "bot_run": "20250804_124001"}
{"timestamp": "2025-08-04T12:56:48.828169Z", "side": "SELL", "price": 114608.6, "quantity": 9e-05, "bot_name": "113587", "mode": "test", "bot_run": "20250804_124001"}
{"timestamp": "2025-08-04T12:56:50.752172Z", "side": "SELL", "price": 114597.51, "quantity": 9e-05, "bot_name": "114362_2025_08_04_13:48:43", "mode": "test", "bot_run": "20250804_124003"}
{"timestamp": "2025-08-04T12:56:50.752395Z", "side": "SELL", "price": 114608.97, "quantity": 9e-05, "bot_name": "114362_2025_08_04_13:48:43", "mode": "test", "bot_run": "20250804_124003"}
{"timestamp": "2025-08-04T12:56:57.979241Z", "side": "SELL", "price": 114614.86, "quantity": 9e-05, "bot_name": "114483_2025_08_04_15:25:45", "mode": "test", "bot_run": "20250804_123959"}
{"timestamp": "2025-08-04T12:57:00.906279Z", "side": "SELL", "price": 114620.43, "quantity": 9e-05, "bot_name": "114362_2025_08_04_13:48:43", "mode": "test", "bot_run": "20250804_124003"}
{"timestamp": "2025-08-04T12:57:00.906681Z", "side": "SELL", "price": 114631.89, "quantity": 9e-05, "bot_name": "114362_2025_08_04_13:48:43", "mode": "test", "bot_run": "20250804_124003"}
{"timestamp": "2025-08-04T12:57:03.058073Z", "side": "SELL", "price": 114626.32, "quantity": 9e-05, "bot_name": "114483_2025_08_04_15:25:45", "mode": "test", "bot_run": "20250804_123959"}
{"timestamp": "2025-08-04T12:57:04.065027Z", "side": "SELL", "price": 114620.06, "quantity": 9e-05, "bot_name": "113587", "mode": "test", "bot_run": "20250804_124001"}
{"timestamp": "2025-08-04T12:57:04.065430Z", "side": "SELL", "price": 114631.52, "quantity": 9e-05, "bot_name": "113587", "mode": "test", "bot_run": "20250804_124001"}
{"timestamp": "2025-08-04T12:57:13.218140Z", "side": "SELL", "price": 114637.78, "quantity": 9e-05, "bot_name": "114483_2025_08_04_15:25:45", "mode": "test", "bot_run": "20250804_123959"}
{"timestamp": "2025-08-04T12:57:21.217345Z", "side": "BUY", "price": 114620.43, "quantity": 9e-05, "bot_name": "114362_2025_08_04_13:48:43", "mode": "test", "bot_run": "20250804_124003"}
{"timestamp": "2025-08-04T12:57:23.372732Z", "side": "BUY", "price": 114626.32, "quantity": 9e-05, "bot_name": "114483_2025_08_04_15:25:45", "mode": "test", "bot_run": "20250804_123959"}
{"timestamp": "2025-08-04T12:57:42.164969Z", "side": "SELL", "price": 114631.89, "quantity": 9e-05, "bot_name": "114362_2025_08_04_13:48:43", "mode": "test", "bot_run": "20250804_124003"}
{"timestamp": "2025-08-04T12:57:42.165512Z", "side": "SELL", "price": 114643.35, "quantity": 9e-05, "bot_name": "114362_2025_08_04_13:48:43", "mode": "test", "bot_run": "20250804_124003"}
{"timestamp": "2025-08-04T12:57:44.307416Z", "side": "SELL", "price": 114637.78, "quantity": 9e-05, "bot_name": "114483_2025_08_04_15:25:45", "mode": "test", "bot_run": "20250804_123959"}
{"timestamp": "2025-08-04T12:57:45.383416Z", "side": "SELL", "price": 114642.98, "quantity": 9e-05, "bot_name": "113587", "mode": "test", "bot_run": "20250804_124001"}
{"timestamp": "2025-08-04T12:57:52.325138Z", "side": "SELL", "price": 114654.82, "quantity": 9e-05, "bot_name": "114362_2025_08_04_13:48:43", "mode": "test", "bot_run": "20250804_124003"}
{"timestamp": "2025-08-04T12:57:52.325554Z", "side": "SELL", "price": 114666.29, "quantity": 9e-05, "bot_name": "114362_2025_08_04_13:48:43", "mode": "test", "bot_run": "20250804_124003"}
{"timestamp": "2025-08-04T12:57:54.462387Z", "side": "SELL", "price": 114649.24, "quantity": 9e-05, "bot_name": "114483_2025_08_04_15:25:45", "mode": "test", "bot_run": "20250804_123959"}
{"timestamp": "2025-08-04T12:58:02.482501Z", "side": "BUY", "price": 114654.82, "quantity": 9e-05, "bot_name": "114362_2025_08_04_13:48:43", "mode": "test", "bot_run": "20250804_124003"}
{"timestamp": "2025-08-04T12:58:02.482937Z", "side": "BUY", "price": 114643.35, "quantity": 9e-05, "bot_name": "114362_2025_08_04_13:48:43", "mode": "test", "bot_run": "20250804_124003"}
{"timestamp": "2025-08-04T12:58:05.694892Z", "side": "SELL", "price": 114654.45, "quantity": 9e-05, "bot_name": "113587", "mode": "test", "bot_run": "20250804_124001"}
{"timestamp": "2025-08-04T12:58:43.711225Z", "side": "SELL", "price": 114654.82, "quantity": 9e-05, "bot_name": "114362_2025_08_04_13:48:43", "mode": "test", "bot_run": "20250804_124003"}
{"timestamp": "2025-08-04T12:58:48.788532Z", "side": "BUY", "price": 114643.35, "quantity": 9e-05, "bot_name": "114362_2025_08_04_13:48:43", "mode": "test", "bot_run": "20250804_124003"}
{"timestamp": "2025-08-04T12:58:56.032238Z", "side": "SELL", "price": 114660.71, "quantity": 9e-05, "bot_name": "114483_2025_08_04_15:25:45", "mode": "test", "bot_run": "20250804_123959"}
{"timestamp": "2025-08-04T12:58:58.942971Z", "side": "SELL", "price": 114654.82, "quantity": 9e-05, "bot_name": "114362_2025_08_04_13:48:43", "mode": "test", "bot_run": "20250804_124003"}
{"timestamp": "2025-08-04T12:59:26.505577Z", "side": "BUY", "price": 114649.24, "quantity": 9e-05, "bot_name": "114483_2025_08_04_15:25:45", "mode": "test", "bot_run": "20250804_123959"}
{"timestamp": "2025-08-04T12:59:37.276453Z", "side": "SELL", "price": 114660.71, "quantity": 9e-05, "bot_name": "114483_2025_08_04_15:25:45", "mode": "test", "bot_run": "20250804_123959"}
{"timestamp": "2025-08-04T12:59:52.510082Z", "side": "BUY", "price": 114649.24, "quantity": 9e-05, "bot_name": "114483_2025_08_04_15:25:45", "mode": "test", "bot_run": "20250804_123959"}
{"timestamp": "2025-08-04T13:00:02.770360Z", "side": "SELL", "price": 114660.71, "quantity": 9e-05, "bot_name": "114483_2025_08_04_15:25:45", "mode": "test", "bot_run": "20250804_123959"}
{"timestamp": "2025-08-04T13:00:03.784622Z", "side": "SELL", "price": 114665.92, "quantity": 9e-05, "bot_name": "113587", "mode": "test", "bot_run": "20250804_124001"}
{"timestamp": "2025-08-04T13:00:10.637275Z", "side": "SELL", "price": 114666.29, "quantity": 9e-05, "bot_name": "114362_2025_08_04_13:48:43", "mode": "test", "bot_run": "20250804_124003"}
{"timestamp": "2025-08-04T13:00:45.093519Z", "side": "SELL", "price": 114677.39, "quantity": 9e-05, "bot_name": "113587", "mode": "test", "bot_run": "20250804_124001"}
{"timestamp": "2025-08-04T13:00:46.788696Z", "side": "SELL", "price": 114677.76, "quantity": 9e-05, "bot_name": "114362_2025_08_04_13:48:43", "mode": "test", "bot_run": "20250804_124003"}
{"timestamp": "2025-08-04T13:00:49.241900Z", "side": "SELL", "price": 114672.18, "quantity": 9e-05, "bot_name": "114483_2025_08_04_15:25:45", "mode": "test", "bot_run": "20250804_123959"}
{"timestamp": "2025-08-04T13:00:49.242100Z", "side": "SELL", "price": 114683.65, "quantity": 9e-05, "bot_name": "114483_2025_08_04_15:25:45", "mode": "test", "bot_run": "20250804_123959"}
{"timestamp": "2025-08-04T13:00:55.249028Z", "side": "SELL", "price": 114688.86, "quantity": 9e-05, "bot_name": "113587", "mode": "test", "bot_run": "20250804_124001"}
{"timestamp": "2025-08-04T13:00:56.945729Z", "side": "SELL", "price": 114689.23, "quantity": 9e-05, "bot_name": "114362_2025_08_04_13:48:43", "mode": "test", "bot_run": "20250804_124003"}
{"timestamp": "2025-08-04T13:00:59.538547Z", "side": "SELL", "price": 114695.12, "quantity": 9e-05, "bot_name": "114483_2025_08_04_15:25:45", "mode": "test", "bot_run": "20250804_123959"}
{"timestamp": "2025-08-04T13:01:10.483587Z", "side": "SELL", "price": 114700.33, "quantity": 9e-05, "bot_name": "113587", "mode": "test", "bot_run": "20250804_124001"}
{"timestamp": "2025-08-04T13:01:12.201054Z", "side": "SELL", "price": 114700.7, "quantity": 9e-05, "bot_name": "114362_2025_08_04_13:48:43", "mode": "test", "bot_run": "20250804_124003"}
{"timestamp": "2025-08-04T13:01:12.201539Z", "side": "SELL", "price": 114712.17, "quantity": 9e-05, "bot_name": "114362_2025_08_04_13:48:43", "mode": "test", "bot_run": "20250804_124003"}
{"timestamp": "2025-08-04T13:01:24.925470Z", "side": "SELL", "price": 114706.59, "quantity": 9e-05, "bot_name": "114483_2025_08_04_15:25:45", "mode": "test", "bot_run": "20250804_123959"}
{"timestamp": "2025-08-04T13:01:32.516993Z", "side": "BUY", "price": 114700.7, "quantity": 9e-05, "bot_name": "114362_2025_08_04_13:48:43", "mode": "test", "bot_run": "20250804_124003"}
{"timestamp": "2025-08-04T13:01:35.086610Z", "side": "BUY", "price": 114695.12, "quantity": 9e-05, "bot_name": "114483_2025_08_04_15:25:45", "mode": "test", "bot_run": "20250804_123959"}
{"timestamp": "2025-08-04T13:01:35.086863Z", "side": "BUY", "price": 114683.65, "quantity": 9e-05, "bot_name": "114483_2025_08_04_15:25:45", "mode": "test", "bot_run": "20250804_123959"}
{"timestamp": "2025-08-04T13:01:35.087018Z", "side": "BUY", "price": 114672.18, "quantity": 9e-05, "bot_name": "114483_2025_08_04_15:25:45", "mode": "test", "bot_run": "20250804_123959"}
{"timestamp": "2025-08-04T13:01:35.087155Z", "side": "BUY", "price": 114660.71, "quantity": 9e-05, "bot_name": "114483_2025_08_04_15:25:45", "mode": "test", "bot_run": "20250804_123959"}
{"timestamp": "2025-08-04T13:01:35.087284Z", "side": "BUY", "price": 114649.24, "quantity": 9e-05, "bot_name": "114483_2025_08_04_15:25:45", "mode": "test", "bot_run": "20250804_123959"}
{"timestamp": "2025-08-04T13:01:35.867934Z", "side": "BUY", "price": 114688.86, "quantity": 9e-05, "bot_name": "113587", "mode": "test", "bot_run": "20250804_124001"}
{"timestamp": "2025-08-04T13:01:35.868336Z", "side": "BUY", "price": 114677.39, "quantity": 9e-05, "bot_name": "113587", "mode": "test", "bot_run": "20250804_124001"}
{"timestamp": "2025-08-04T13:01:35.868608Z", "side": "BUY", "price": 114665.92, "quantity": 9e-05, "bot_name": "113587", "mode": "test", "bot_run": "20250804_124001"}
{"timestamp": "2025-08-04T13:01:35.868883Z", "side": "BUY", "price": 114654.45, "quantity": 9e-05, "bot_name": "113587", "mode": "test", "bot_run": "20250804_124001"}
{"timestamp": "2025-08-04T13:01:37.595137Z", "side": "BUY", "price": 114689.23, "quantity": 9e-05, "bot_name": "114362_2025_08_04_13:48:43", "mode": "test", "bot_run": "20250804_124003"}
{"timestamp": "2025-08-04T13:01:37.595575Z", "side": "BUY", "price": 114677.76, "quantity": 9e-05, "bot_name": "114362_2025_08_04_13:48:43", "mode": "test", "bot_run": "20250804_124003"}
{"timestamp": "2025-08-04T13:01:37.595903Z", "side": "BUY", "price": 114666.29, "quantity": 9e-05, "bot_name": "114362_2025_08_04_13:48:43", "mode": "test", "bot_run": "20250804_124003"}
{"timestamp": "2025-08-04T13:01:40.782113Z", "side": "SELL", "price": 114660.71, "quantity": 9e-05, "bot_name": "114483_2025_08_04_15:25:45", "mode": "test", "bot_run": "20250804_123959"}
{"timestamp": "2025-08-04T13:01:41.565900Z", "side": "SELL", "price": 114665.92, "quantity": 9e-05, "bot_name": "113587", "mode": "test", "bot_run": "20250804_124001"}
{"timestamp": "2025-08-04T13:01:45.873972Z", "side": "SELL", "price": 114672.18, "quantity": 9e-05, "bot_name": "114483_2025_08_04_15:25:45", "mode": "test", "bot_run": "20250804_123959"}
{"timestamp": "2025-08-04T13:01:46.646971Z", "side": "SELL", "price": 114677.39, "quantity": 9e-05, "bot_name": "113587", "mode": "test", "bot_run": "20250804_124001"}
{"timestamp": "2025-08-04T13:01:48.359900Z", "side": "SELL", "price": 114677.76, "quantity": 9e-05, "bot_name": "114362_2025_08_04_13:48:43", "mode": "test", "bot_run": "20250804_124003"}
{"timestamp": "2025-08-04T13:01:50.953272Z", "side": "SELL", "price": 114683.65, "quantity": 9e-05, "bot_name": "114483_2025_08_04_15:25:45", "mode": "test", "bot_run": "20250804_123959"}
{"timestamp": "2025-08-04T13:01:51.726122Z", "side": "SELL", "price": 114688.86, "quantity": 9e-05, "bot_name": "113587", "mode": "test", "bot_run": "20250804_124001"}
{"timestamp": "2025-08-04T13:01:53.437125Z", "side": "SELL", "price": 114689.23, "quantity": 9e-05, "bot_name": "114362_2025_08_04_13:48:43", "mode": "test", "bot_run": "20250804_124003"}
{"timestamp": "2025-08-04T13:01:58.514432Z", "side": "BUY", "price": 114677.76, "quantity": 9e-05, "bot_name": "114362_2025_08_04_13:48:43", "mode": "test", "bot_run": "20250804_124003"}
{"timestamp": "2025-08-04T13:01:58.514879Z", "side": "BUY", "price": 114666.29, "quantity": 9e-05, "bot_name": "114362_2025_08_04_13:48:43", "mode": "test", "bot_run": "20250804_124003"}
{"timestamp": "2025-08-04T13:01:58.515181Z", "side": "BUY", "price": 114654.82, "quantity": 9e-05, "bot_name": "114362_2025_08_04_13:48:43", "mode": "test", "bot_run": "20250804_124003"}
{"timestamp": "2025-08-04T13:02:01.116571Z", "side": "BUY", "price": 114672.18, "quantity": 9e-05, "bot_name": "114483_2025_08_04_15:25:45", "mode": "test", "bot_run": "20250804_123959"}
{"timestamp": "2025-08-04T13:02:01.116996Z", "side": "BUY", "price": 114660.71, "quantity": 9e-05, "bot_name": "114483_2025_08_04_15:25:45", "mode": "test", "bot_run": "20250804_123959"}
{"timestamp": "2025-08-04T13:02:01.888242Z", "side": "BUY", "price": 114677.39, "quantity": 9e-05, "bot_name": "113587", "mode": "test", "bot_run": "20250804_124001"}
{"timestamp": "2025-08-04T13:02:01.888661Z", "side": "BUY", "price": 114665.92, "quantity": 9e-05, "bot_name": "113587", "mode": "test", "bot_run": "20250804_124001"}
{"timestamp": "2025-08-04T13:02:01.888971Z", "side": "BUY", "price": 114654.45, "quantity": 9e-05, "bot_name": "113587", "mode": "test", "bot_run": "20250804_124001"}
{"timestamp": "2025-08-04T13:02:01.889225Z", "side": "BUY", "price": 114642.98, "quantity": 9e-05, "bot_name": "113587", "mode": "test", "bot_run": "20250804_124001"}
{"timestamp": "2025-08-04T13:02:06.195131Z", "side": "BUY", "price": 114649.24, "quantity": 9e-05, "bot_name": "114483_2025_08_04_15:25:45", "mode": "test", "bot_run": "20250804_123959"}
{"timestamp": "2025-08-04T13:02:11.275177Z", "side": "BUY", "price": 114637.78, "quantity": 9e-05, "bot_name": "114483_2025_08_04_15:25:45", "mode": "test", "bot_run": "20250804_123959"}
{"timestamp": "2025-08-04T13:02:11.275616Z", "side": "BUY", "price": 114626.32, "quantity": 9e-05, "bot_name": "114483_2025_08_04_15:25:45", "mode": "test", "bot_run": "20250804_123959"}
{"timestamp": "2025-08-04T13:02:12.045709Z", "side": "BUY", "price": 114631.52, "quantity": 9e-05, "bot_name": "113587", "mode": "test", "bot_run": "20250804_124001"}
{"timestamp": "2025-08-04T13:02:12.045916Z", "side": "BUY", "price": 114620.06, "quantity": 9e-05, "bot_name": "113587", "mode": "test", "bot_run": "20250804_124001"}
{"timestamp": "2025-08-04T13:02:13.745265Z", "side": "BUY", "price": 114643.35, "quantity": 9e-05, "bot_name": "114362_2025_08_04_13:48:43", "mode": "test", "bot_run": "20250804_124003"}
{"timestamp": "2025-08-04T13:02:13.745670Z", "side": "BUY", "price": 114631.89, "quantity": 9e-05, "bot_name": "114362_2025_08_04_13:48:43", "mode": "test", "bot_run": "20250804_124003"}
{"timestamp": "2025-08-04T13:02:17.152262Z", "side": "SELL", "price": 114631.52, "quantity": 9e-05, "bot_name": "113587", "mode": "test", "bot_run": "20250804_124001"}
{"timestamp": "2025-08-04T13:02:21.433117Z", "side": "SELL", "price": 114637.78, "quantity": 9e-05, "bot_name": "114483_2025_08_04_15:25:45", "mode": "test", "bot_run": "20250804_123959"}
{"timestamp": "2025-08-04T13:02:31.601270Z", "side": "BUY", "price": 114626.32, "quantity": 9e-05, "bot_name": "114483_2025_08_04_15:25:45", "mode": "test", "bot_run": "20250804_123959"}
{"timestamp": "2025-08-04T13:02:36.839694Z", "side": "BUY", "price": 114614.86, "quantity": 9e-05, "bot_name": "114483_2025_08_04_15:25:45", "mode": "test", "bot_run": "20250804_123959"}
{"timestamp": "2025-08-04T13:02:37.500386Z", "side": "BUY", "price": 114620.06, "quantity": 9e-05, "bot_name": "113587", "mode": "test", "bot_run": "20250804_124001"}
{"timestamp": "2025-08-04T13:02:39.128905Z", "side": "BUY", "price": 114620.43, "quantity": 9e-05, "bot_name": "114362_2025_08_04_13:48:43", "mode": "test", "bot_run": "20250804_124003"}
{"timestamp": "2025-08-04T13:02:39.129367Z", "side": "BUY", "price": 114608.97, "quantity": 9e-05, "bot_name": "114362_2025_08_04_13:48:43", "mode": "test", "bot_run": "20250804_124003"}
{"timestamp": "2025-08-04T13:02:42.570162Z", "side": "BUY", "price": 114603.4, "quantity": 9e-05, "bot_name": "114483_2025_08_04_15:25:45", "mode": "test", "bot_run": "20250804_123959"}
{"timestamp": "2025-08-04T13:02:43.273040Z", "side": "BUY", "price": 114608.6, "quantity": 9e-05, "bot_name": "113587", "mode": "test", "bot_run": "20250804_124001"}
{"timestamp": "2025-08-04T13:02:43.273448Z", "side": "BUY", "price": 114597.14, "quantity": 9e-05, "bot_name": "113587", "mode": "test", "bot_run": "20250804_124001"}
{"timestamp": "2025-08-04T13:02:44.843871Z", "side": "BUY", "price": 114597.51, "quantity": 9e-05, "bot_name": "114362_2025_08_04_13:48:43", "mode": "test", "bot_run": "20250804_124003"}
{"timestamp": "2025-08-04T13:02:48.351898Z", "side": "SELL", "price": 114608.6, "quantity": 9e-05, "bot_name": "113587", "mode": "test", "bot_run": "20250804_124001"}
{"timestamp": "2025-08-04T13:02:49.919838Z", "side": "SELL", "price": 114608.97, "quantity": 9e-05, "bot_name": "114362_2025_08_04_13:48:43", "mode": "test", "bot_run": "20250804_124003"}
{"timestamp": "2025-08-04T13:03:05.151686Z", "side": "BUY", "price": 114597.51, "quantity": 9e-05, "bot_name": "114362_2025_08_04_13:48:43", "mode": "test", "bot_run": "20250804_124003"}
{"timestamp": "2025-08-04T13:03:08.013875Z", "side": "BUY", "price": 114591.94, "quantity": 9e-05, "bot_name": "114483_2025_08_04_15:25:45", "mode": "test", "bot_run": "20250804_123959"}
{"timestamp": "2025-08-04T13:03:08.833079Z", "side": "BUY", "price": 114597.14, "quantity": 9e-05, "bot_name": "113587", "mode": "test", "bot_run": "20250804_124001"}
{"timestamp": "2025-08-04T13:03:13.914960Z", "side": "BUY", "price": 114585.68, "quantity": 9e-05, "bot_name": "113587", "mode": "test", "bot_run": "20250804_124001"}
{"timestamp": "2025-08-04T13:03:13.915382Z", "side": "BUY", "price": 114574.22, "quantity": 9e-05, "bot_name": "113587", "mode": "test", "bot_run": "20250804_124001"}
{"timestamp": "2025-08-04T13:03:13.915667Z", "side": "BUY", "price": 114562.76, "quantity": 9e-05, "bot_name": "113587", "mode": "test", "bot_run": "20250804_124001"}
{"timestamp": "2025-08-04T13:03:15.307248Z", "side": "BUY", "price": 114586.05, "quantity": 9e-05, "bot_name": "114362_2025_08_04_13:48:43", "mode": "test", "bot_run": "20250804_124003"}
{"timestamp": "2025-08-04T13:03:15.307659Z", "side": "BUY", "price": 114574.59, "quantity": 9e-05, "bot_name": "114362_2025_08_04_13:48:43", "mode": "test", "bot_run": "20250804_124003"}
{"timestamp": "2025-08-04T13:03:15.307968Z", "side": "BUY", "price": 114563.13, "quantity": 9e-05, "bot_name": "114362_2025_08_04_13:48:43", "mode": "test", "bot_run": "20250804_124003"}
{"timestamp": "2025-08-04T13:03:15.308227Z", "side": "BUY", "price": 114551.67, "quantity": 9e-05, "bot_name": "114362_2025_08_04_13:48:43", "mode": "test", "bot_run": "20250804_124003"}
{"timestamp": "2025-08-04T13:03:18.197439Z", "side": "BUY", "price": 114580.48, "quantity": 9e-05, "bot_name": "114483_2025_08_04_15:25:45", "mode": "test", "bot_run": "20250804_123959"}
{"timestamp": "2025-08-04T13:03:18.197895Z", "side": "BUY", "price": 114569.02, "quantity": 9e-05, "bot_name": "114483_2025_08_04_15:25:45", "mode": "test", "bot_run": "20250804_123959"}
{"timestamp": "2025-08-04T13:03:18.198222Z", "side": "BUY", "price": 114557.56, "quantity": 9e-05, "bot_name": "114483_2025_08_04_15:25:45", "mode": "test", "bot_run": "20250804_123959"}
{"timestamp": "2025-08-04T13:03:18.198550Z", "side": "BUY", "price": 114546.1, "quantity": 9e-05, "bot_name": "114483_2025_08_04_15:25:45", "mode": "test", "bot_run": "20250804_123959"}
{"timestamp": "2025-08-04T13:03:18.995135Z", "side": "BUY", "price": 114551.3, "quantity": 9e-05, "bot_name": "113587", "mode": "test", "bot_run": "20250804_124001"}
{"timestamp": "2025-08-04T13:03:23.276548Z", "side": "BUY", "price": 114534.65, "quantity": 9e-05, "bot_name": "114483_2025_08_04_15:25:45", "mode": "test", "bot_run": "20250804_123959"}
{"timestamp": "2025-08-04T13:03:28.354983Z", "side": "SELL", "price": 114546.1, "quantity": 9e-05, "bot_name": "114483_2025_08_04_15:25:45", "mode": "test", "bot_run": "20250804_123959"}
{"timestamp": "2025-08-04T13:03:28.355653Z", "side": "SELL", "price": 114557.56, "quantity": 9e-05, "bot_name": "114483_2025_08_04_15:25:45", "mode": "test", "bot_run": "20250804_123959"}
{"timestamp": "2025-08-04T13:03:44.239551Z", "side": "BUY", "price": 114546.1, "quantity": 9e-05, "bot_name": "114483_2025_08_04_15:25:45", "mode": "test", "bot_run": "20250804_123959"}
{"timestamp": "2025-08-04T13:03:51.483086Z", "side": "BUY", "price": 114540.21, "quantity": 9e-05, "bot_name": "114362_2025_08_04_13:48:43", "mode": "test", "bot_run": "20250804_124003"}
{"timestamp": "2025-08-04T13:04:01.634255Z", "side": "SELL", "price": 114551.67, "quantity": 9e-05, "bot_name": "114362_2025_08_04_13:48:43", "mode": "test", "bot_run": "20250804_124003"}
{"timestamp": "2025-08-04T13:04:05.516302Z", "side": "SELL", "price": 114562.76, "quantity": 9e-05, "bot_name": "113587", "mode": "test", "bot_run": "20250804_124001"}
{"timestamp": "2025-08-04T13:04:06.710287Z", "side": "SELL", "price": 114563.13, "quantity": 9e-05, "bot_name": "114362_2025_08_04_13:48:43", "mode": "test", "bot_run": "20250804_124003"}
{"timestamp": "2025-08-04T13:04:09.782369Z", "side": "SELL", "price": 114557.56, "quantity": 9e-05, "bot_name": "114483_2025_08_04_15:25:45", "mode": "test", "bot_run": "20250804_123959"}
{"timestamp": "2025-08-04T13:04:48.081046Z", "side": "SELL", "price": 114574.59, "quantity": 9e-05, "bot_name": "114362_2025_08_04_13:48:43", "mode": "test", "bot_run": "20250804_124003"}
{"timestamp": "2025-08-04T13:04:51.688221Z", "side": "SELL", "price": 114569.02, "quantity": 9e-05, "bot_name": "114483_2025_08_04_15:25:45", "mode": "test", "bot_run": "20250804_123959"}
{"timestamp": "2025-08-04T13:04:51.688780Z", "side": "SELL", "price": 114580.48, "quantity": 9e-05, "bot_name": "114483_2025_08_04_15:25:45", "mode": "test", "bot_run": "20250804_123959"}
{"timestamp": "2025-08-04T13:04:51.689268Z", "side": "SELL", "price": 114591.94, "quantity": 9e-05, "bot_name": "114483_2025_08_04_15:25:45", "mode": "test", "bot_run": "20250804_123959"}
{"timestamp": "2025-08-04T13:04:51.863561Z", "side": "SELL", "price": 114574.22, "quantity": 9e-05, "bot_name": "113587", "mode": "test", "bot_run": "20250804_124001"}
{"timestamp": "2025-08-04T13:04:51.863976Z", "side": "SELL", "price": 114585.68, "quantity": 9e-05, "bot_name": "113587", "mode": "test", "bot_run": "20250804_124001"}
{"timestamp": "2025-08-04T13:04:51.864264Z", "side": "SELL", "price": 114597.14, "quantity": 9e-05, "bot_name": "113587", "mode": "test", "bot_run": "20250804_124001"}
{"timestamp": "2025-08-04T13:04:53.159460Z", "side": "SELL", "price": 114586.05, "quantity": 9e-05, "bot_name": "114362_2025_08_04_13:48:43", "mode": "test", "bot_run": "20250804_124003"}
{"timestamp": "2025-08-04T13:04:53.160177Z", "side": "SELL", "price": 114597.51, "quantity": 9e-05, "bot_name": "114362_2025_08_04_13:48:43", "mode": "test", "bot_run": "20250804_124003"}
{"timestamp": "2025-08-04T13:04:53.160550Z", "side": "SELL", "price": 114608.97, "quantity": 9e-05, "bot_name": "114362_2025_08_04_13:48:43", "mode": "test", "bot_run": "20250804_124003"}
{"timestamp": "2025-08-04T13:04:56.780710Z", "side": "SELL", "price": 114603.4, "quantity": 9e-05, "bot_name": "114483_2025_08_04_15:25:45", "mode": "test", "bot_run": "20250804_123959"}
{"timestamp": "2025-08-04T13:05:08.537166Z", "side": "BUY", "price": 114597.51, "quantity": 9e-05, "bot_name": "114362_2025_08_04_13:48:43", "mode": "test", "bot_run": "20250804_124003"}
{"timestamp": "2025-08-04T13:05:08.537598Z", "side": "BUY", "price": 114586.05, "quantity": 9e-05, "bot_name": "114362_2025_08_04_13:48:43", "mode": "test", "bot_run": "20250804_124003"}
{"timestamp": "2025-08-04T13:05:17.321837Z", "side": "BUY", "price": 114591.94, "quantity": 9e-05, "bot_name": "114483_2025_08_04_15:25:45", "mode": "test", "bot_run": "20250804_123959"}
{"timestamp": "2025-08-04T13:05:22.980600Z", "side": "BUY", "price": 114585.68, "quantity": 9e-05, "bot_name": "113587", "mode": "test", "bot_run": "20250804_124001"}
{"timestamp": "2025-08-04T13:05:32.760038Z", "side": "BUY", "price": 114580.48, "quantity": 9e-05, "bot_name": "114483_2025_08_04_15:25:45", "mode": "test", "bot_run": "20250804_123959"}
{"timestamp": "2025-08-04T13:05:42.917080Z", "side": "SELL", "price": 114591.94, "quantity": 9e-05, "bot_name": "114483_2025_08_04_15:25:45", "mode": "test", "bot_run": "20250804_123959"}
{"timestamp": "2025-08-04T13:05:43.839777Z", "side": "SELL", "price": 114597.14, "quantity": 9e-05, "bot_name": "113587", "mode": "test", "bot_run": "20250804_124001"}
{"timestamp": "2025-08-04T13:05:44.089039Z", "side": "SELL", "price": 114597.51, "quantity": 9e-05, "bot_name": "114362_2025_08_04_13:48:43", "mode": "test", "bot_run": "20250804_124003"}
{"timestamp": "2025-08-04T13:05:53.707535Z", "side": "BUY", "price": 114580.48, "quantity": 9e-05, "bot_name": "114483_2025_08_04_15:25:45", "mode": "test", "bot_run": "20250804_123959"}
{"timestamp": "2025-08-04T13:05:54.624244Z", "side": "BUY", "price": 114585.68, "quantity": 9e-05, "bot_name": "113587", "mode": "test", "bot_run": "20250804_124001"}
{"timestamp": "2025-08-04T13:05:54.877886Z", "side": "BUY", "price": 114586.05, "quantity": 9e-05, "bot_name": "114362_2025_08_04_13:48:43", "mode": "test", "bot_run": "20250804_124003"}
{"timestamp": "2025-08-04T13:06:04.779263Z", "side": "BUY", "price": 114574.22, "quantity": 9e-05, "bot_name": "113587", "mode": "test", "bot_run": "20250804_124001"}
{"timestamp": "2025-08-04T13:06:05.032424Z", "side": "BUY", "price": 114574.59, "quantity": 9e-05, "bot_name": "114362_2025_08_04_13:48:43", "mode": "test", "bot_run": "20250804_124003"}
{"timestamp": "2025-08-04T13:06:09.056748Z", "side": "BUY", "price": 114569.02, "quantity": 9e-05, "bot_name": "114483_2025_08_04_15:25:45", "mode": "test", "bot_run": "20250804_123959"}
{"timestamp": "2025-08-04T13:06:09.857475Z", "side": "BUY", "price": 114562.76, "quantity": 9e-05, "bot_name": "113587", "mode": "test", "bot_run": "20250804_124001"}
{"timestamp": "2025-08-04T13:06:10.110532Z", "side": "BUY", "price": 114563.13, "quantity": 9e-05, "bot_name": "114362_2025_08_04_13:48:43", "mode": "test", "bot_run": "20250804_124003"}
{"timestamp": "2025-08-04T13:06:24.294094Z", "side": "BUY", "price": 114557.56, "quantity": 9e-05, "bot_name": "114483_2025_08_04_15:25:45", "mode": "test", "bot_run": "20250804_123959"}
{"timestamp": "2025-08-04T13:07:16.655975Z", "side": "BUY", "price": 114551.3, "quantity": 9e-05, "bot_name": "113587", "mode": "test", "bot_run": "20250804_124001"}
{"timestamp": "2025-08-04T13:07:16.746389Z", "side": "BUY", "price": 114551.67, "quantity": 9e-05, "bot_name": "114362_2025_08_04_13:48:43", "mode": "test", "bot_run": "20250804_124003"}
{"timestamp": "2025-08-04T13:07:20.933958Z", "side": "BUY", "price": 114546.1, "quantity": 9e-05, "bot_name": "114483_2025_08_04_15:25:45", "mode": "test", "bot_run": "20250804_123959"}
{"timestamp": "2025-08-04T13:07:21.735443Z", "side": "BUY", "price": 114539.84, "quantity": 9e-05, "bot_name": "113587", "mode": "test", "bot_run": "20250804_124001"}
{"timestamp": "2025-08-04T13:07:21.824910Z", "side": "BUY", "price": 114540.21, "quantity": 9e-05, "bot_name": "114362_2025_08_04_13:48:43", "mode": "test", "bot_run": "20250804_124003"}
{"timestamp": "2025-08-04T13:07:26.013030Z", "side": "BUY", "price": 114534.65, "quantity": 9e-05, "bot_name": "114483_2025_08_04_15:25:45", "mode": "test", "bot_run": "20250804_123959"}
{"timestamp": "2025-08-04T13:07:26.812845Z", "side": "BUY", "price": 114528.39, "quantity": 9e-05, "bot_name": "113587", "mode": "test", "bot_run": "20250804_124001"}
{"timestamp": "2025-08-04T13:07:31.092665Z", "side": "SELL", "price": 114546.1, "quantity": 9e-05, "bot_name": "114483_2025_08_04_15:25:45", "mode": "test", "bot_run": "20250804_123959"}
{"timestamp": "2025-08-04T13:07:31.891647Z", "side": "SELL", "price": 114539.84, "quantity": 9e-05, "bot_name": "113587", "mode": "test", "bot_run": "20250804_124001"}
{"timestamp": "2025-08-04T13:07:36.173960Z", "side": "SELL", "price": 114557.56, "quantity": 9e-05, "bot_name": "114483_2025_08_04_15:25:45", "mode": "test", "bot_run": "20250804_123959"}
{"timestamp": "2025-08-04T13:07:36.971714Z", "side": "SELL", "price": 114551.3, "quantity": 9e-05, "bot_name": "113587", "mode": "test", "bot_run": "20250804_124001"}
{"timestamp": "2025-08-04T13:07:36.972558Z", "side": "SELL", "price": 114562.76, "quantity": 9e-05, "bot_name": "113587", "mode": "test", "bot_run": "20250804_124001"}
{"timestamp": "2025-08-04T13:07:37.059405Z", "side": "SELL", "price": 114551.67, "quantity": 9e-05, "bot_name": "114362_2025_08_04_13:48:43", "mode": "test", "bot_run": "20250804_124003"}
{"timestamp": "2025-08-04T13:07:37.059659Z", "side": "SELL", "price": 114563.13, "quantity": 9e-05, "bot_name": "114362_2025_08_04_13:48:43", "mode": "test", "bot_run": "20250804_124003"}
{"timestamp": "2025-08-04T13:08:13.214884Z", "side": "BUY", "price": 114551.67, "quantity": 9e-05, "bot_name": "114362_2025_08_04_13:48:43", "mode": "test", "bot_run": "20250804_124003"}
{"timestamp": "2025-08-04T13:08:13.269037Z", "side": "BUY", "price": 114551.3, "quantity": 9e-05, "bot_name": "113587", "mode": "test", "bot_run": "20250804_124001"}
{"timestamp": "2025-08-04T13:08:22.544139Z", "side": "BUY", "price": 114546.1, "quantity": 9e-05, "bot_name": "114483_2025_08_04_15:25:45", "mode": "test", "bot_run": "20250804_123959"}
{"timestamp": "2025-08-04T13:08:22.544911Z", "side": "BUY", "price": 114534.65, "quantity": 9e-05, "bot_name": "114483_2025_08_04_15:25:45", "mode": "test", "bot_run": "20250804_123959"}
{"timestamp": "2025-08-04T13:08:23.376711Z", "side": "BUY", "price": 114540.21, "quantity": 9e-05, "bot_name": "114362_2025_08_04_13:48:43", "mode": "test", "bot_run": "20250804_124003"}
{"timestamp": "2025-08-04T13:08:23.428383Z", "side": "BUY", "price": 114539.84, "quantity": 9e-05, "bot_name": "113587", "mode": "test", "bot_run": "20250804_124001"}
{"timestamp": "2025-08-04T13:08:42.860294Z", "side": "SELL", "price": 114546.1, "quantity": 9e-05, "bot_name": "114483_2025_08_04_15:25:45", "mode": "test", "bot_run": "20250804_123959"}
{"timestamp": "2025-08-04T13:08:43.691226Z", "side": "SELL", "price": 114551.67, "quantity": 9e-05, "bot_name": "114362_2025_08_04_13:48:43", "mode": "test", "bot_run": "20250804_124003"}
{"timestamp": "2025-08-04T13:08:43.737193Z", "side": "SELL", "price": 114551.3, "quantity": 9e-05, "bot_name": "113587", "mode": "test", "bot_run": "20250804_124001"}
{"timestamp": "2025-08-04T13:08:53.647476Z", "side": "SELL", "price": 114557.56, "quantity": 9e-05, "bot_name": "114483_2025_08_04_15:25:45", "mode": "test", "bot_run": "20250804_123959"}
{"timestamp": "2025-08-04T13:09:08.883116Z", "side": "BUY", "price": 114546.1, "quantity": 9e-05, "bot_name": "114483_2025_08_04_15:25:45", "mode": "test", "bot_run": "20250804_123959"}
{"timestamp": "2025-08-04T13:09:24.945037Z", "side": "BUY", "price": 114540.21, "quantity": 9e-05, "bot_name": "114362_2025_08_04_13:48:43", "mode": "test", "bot_run": "20250804_124003"}
{"timestamp": "2025-08-04T13:09:24.965982Z", "side": "BUY", "price": 114539.84, "quantity": 9e-05, "bot_name": "113587", "mode": "test", "bot_run": "20250804_124001"}
{"timestamp": "2025-08-04T13:10:26.319237Z", "side": "BUY", "price": 114534.65, "quantity": 9e-05, "bot_name": "114483_2025_08_04_15:25:45", "mode": "test", "bot_run": "20250804_123959"}
{"timestamp": "2025-08-04T13:10:31.443726Z", "side": "SELL", "price": 114546.1, "quantity": 9e-05, "bot_name": "114483_2025_08_04_15:25:45", "mode": "test", "bot_run": "20250804_123959"}
{"timestamp": "2025-08-04T13:10:31.444004Z", "side": "SELL", "price": 114557.56, "quantity": 9e-05, "bot_name": "114483_2025_08_04_15:25:45", "mode": "test", "bot_run": "20250804_123959"}
{"timestamp": "2025-08-04T13:10:31.444161Z", "side": "SELL", "price": 114569.02, "quantity": 9e-05, "bot_name": "114483_2025_08_04_15:25:45", "mode": "test", "bot_run": "20250804_123959"}
{"timestamp": "2025-08-04T13:10:31.763836Z", "side": "SELL", "price": 114551.67, "quantity": 9e-05, "bot_name": "114362_2025_08_04_13:48:43", "mode": "test", "bot_run": "20250804_124003"}
{"timestamp": "2025-08-04T13:10:31.764097Z", "side": "SELL", "price": 114563.13, "quantity": 9e-05, "bot_name": "114362_2025_08_04_13:48:43", "mode": "test", "bot_run": "20250804_124003"}
{"timestamp": "2025-08-04T13:10:31.911827Z", "side": "SELL", "price": 114551.3, "quantity": 9e-05, "bot_name": "113587", "mode": "test", "bot_run": "20250804_124001"}
{"timestamp": "2025-08-04T13:10:31.912345Z", "side": "SELL", "price": 114562.76, "quantity": 9e-05, "bot_name": "113587", "mode": "test", "bot_run": "20250804_124001"}
{"timestamp": "2025-08-04T13:10:51.774738Z", "side": "SELL", "price": 114580.48, "quantity": 9e-05, "bot_name": "114483_2025_08_04_15:25:45", "mode": "test", "bot_run": "20250804_123959"}
{"timestamp": "2025-08-04T13:10:52.206569Z", "side": "SELL", "price": 114574.59, "quantity": 9e-05, "bot_name": "114362_2025_08_04_13:48:43", "mode": "test", "bot_run": "20250804_124003"}
{"timestamp": "2025-08-04T13:10:52.207032Z", "side": "SELL", "price": 114586.05, "quantity": 9e-05, "bot_name": "114362_2025_08_04_13:48:43", "mode": "test", "bot_run": "20250804_124003"}
{"timestamp": "2025-08-04T13:10:52.244767Z", "side": "SELL", "price": 114574.22, "quantity": 9e-05, "bot_name": "113587", "mode": "test", "bot_run": "20250804_124001"}
{"timestamp": "2025-08-04T13:10:52.245091Z", "side": "SELL", "price": 114585.68, "quantity": 9e-05, "bot_name": "113587", "mode": "test", "bot_run": "20250804_124001"}
{"timestamp": "2025-08-04T13:11:08.056330Z", "side": "BUY", "price": 114574.59, "quantity": 9e-05, "bot_name": "114362_2025_08_04_13:48:43", "mode": "test", "bot_run": "20250804_124003"}
{"timestamp": "2025-08-04T13:11:08.094120Z", "side": "BUY", "price": 114574.22, "quantity": 9e-05, "bot_name": "113587", "mode": "test", "bot_run": "20250804_124001"}
{"timestamp": "2025-08-04T13:11:33.034482Z", "side": "SELL", "price": 114591.94, "quantity": 9e-05, "bot_name": "114483_2025_08_04_15:25:45", "mode": "test", "bot_run": "20250804_123959"}
{"timestamp": "2025-08-04T13:11:33.440995Z", "side": "SELL", "price": 114586.05, "quantity": 9e-05, "bot_name": "114362_2025_08_04_13:48:43", "mode": "test", "bot_run": "20250804_124003"}
{"timestamp": "2025-08-04T13:11:33.483256Z", "side": "SELL", "price": 114585.68, "quantity": 9e-05, "bot_name": "113587", "mode": "test", "bot_run": "20250804_124001"}
{"timestamp": "2025-08-04T13:11:38.112850Z", "side": "SELL", "price": 114603.4, "quantity": 9e-05, "bot_name": "114483_2025_08_04_15:25:45", "mode": "test", "bot_run": "20250804_123959"}
{"timestamp": "2025-08-04T13:11:38.519617Z", "side": "SELL", "price": 114597.51, "quantity": 9e-05, "bot_name": "114362_2025_08_04_13:48:43", "mode": "test", "bot_run": "20250804_124003"}
{"timestamp": "2025-08-04T13:11:38.520934Z", "side": "SELL", "price": 114608.97, "quantity": 9e-05, "bot_name": "114362_2025_08_04_13:48:43", "mode": "test", "bot_run": "20250804_124003"}
{"timestamp": "2025-08-04T13:11:38.560267Z", "side": "SELL", "price": 114597.14, "quantity": 9e-05, "bot_name": "113587", "mode": "test", "bot_run": "20250804_124001"}
{"timestamp": "2025-08-04T13:11:38.560672Z", "side": "SELL", "price": 114608.6, "quantity": 9e-05, "bot_name": "113587", "mode": "test", "bot_run": "20250804_124001"}
{"timestamp": "2025-08-04T13:11:43.191079Z", "side": "SELL", "price": 114614.86, "quantity": 9e-05, "bot_name": "114483_2025_08_04_15:25:45", "mode": "test", "bot_run": "20250804_123959"}
{"timestamp": "2025-08-04T13:11:43.598317Z", "side": "SELL", "price": 114620.43, "quantity": 9e-05, "bot_name": "114362_2025_08_04_13:48:43", "mode": "test", "bot_run": "20250804_124003"}
{"timestamp": "2025-08-04T13:11:43.639520Z", "side": "SELL", "price": 114620.06, "quantity": 9e-05, "bot_name": "113587", "mode": "test", "bot_run": "20250804_124001"}
{"timestamp": "2025-08-04T13:12:09.384827Z", "side": "SELL", "price": 114626.32, "quantity": 9e-05, "bot_name": "114483_2025_08_04_15:25:45", "mode": "test", "bot_run": "20250804_123959"}
{"timestamp": "2025-08-04T13:12:09.385233Z", "side": "SELL", "price": 114637.78, "quantity": 9e-05, "bot_name": "114483_2025_08_04_15:25:45", "mode": "test", "bot_run": "20250804_123959"}
{"timestamp": "2025-08-04T13:12:09.604115Z", "side": "SELL", "price": 114631.89, "quantity": 9e-05, "bot_name": "114362_2025_08_04_13:48:43", "mode": "test", "bot_run": "20250804_124003"}
{"timestamp": "2025-08-04T13:12:09.604528Z", "side": "SELL", "price": 114643.35, "quantity": 9e-05, "bot_name": "114362_2025_08_04_13:48:43", "mode": "test", "bot_run": "20250804_124003"}
{"timestamp": "2025-08-04T13:12:09.637477Z", "side": "SELL", "price": 114631.52, "quantity": 9e-05, "bot_name": "113587", "mode": "test", "bot_run": "20250804_124001"}
{"timestamp": "2025-08-04T13:12:09.637875Z", "side": "SELL", "price": 114642.98, "quantity": 9e-05, "bot_name": "113587", "mode": "test", "bot_run": "20250804_124001"}
{"timestamp": "2025-08-04T13:12:14.465012Z", "side": "SELL", "price": 114649.24, "quantity": 9e-05, "bot_name": "114483_2025_08_04_15:25:45", "mode": "test", "bot_run": "20250804_123959"}
{"timestamp": "2025-08-04T13:12:14.465444Z", "side": "SELL", "price": 114660.71, "quantity": 9e-05, "bot_name": "114483_2025_08_04_15:25:45", "mode": "test", "bot_run": "20250804_123959"}
{"timestamp": "2025-08-04T13:12:14.682839Z", "side": "SELL", "price": 114654.82, "quantity": 9e-05, "bot_name": "114362_2025_08_04_13:48:43", "mode": "test", "bot_run": "20250804_124003"}
{"timestamp": "2025-08-04T13:12:14.683272Z", "side": "SELL", "price": 114666.29, "quantity": 9e-05, "bot_name": "114362_2025_08_04_13:48:43", "mode": "test", "bot_run": "20250804_124003"}
{"timestamp": "2025-08-04T13:12:14.715582Z", "side": "SELL", "price": 114654.45, "quantity": 9e-05, "bot_name": "113587", "mode": "test", "bot_run": "20250804_124001"}
{"timestamp": "2025-08-04T13:12:14.715994Z", "side": "SELL", "price": 114665.92, "quantity": 9e-05, "bot_name": "113587", "mode": "test", "bot_run": "20250804_124001"}
{"timestamp": "2025-08-04T13:12:24.630167Z", "side": "BUY", "price": 114649.24, "quantity": 9e-05, "bot_name": "114483_2025_08_04_15:25:45", "mode": "test", "bot_run": "20250804_123959"}
{"timestamp": "2025-08-04T13:12:24.630583Z", "side": "BUY", "price": 114637.78, "quantity": 9e-05, "bot_name": "114483_2025_08_04_15:25:45", "mode": "test", "bot_run": "20250804_123959"}
{"timestamp": "2025-08-04T13:12:24.838892Z", "side": "BUY", "price": 114654.82, "quantity": 9e-05, "bot_name": "114362_2025_08_04_13:48:43", "mode": "test", "bot_run": "20250804_124003"}
{"timestamp": "2025-08-04T13:12:24.839316Z", "side": "BUY", "price": 114643.35, "quantity": 9e-05, "bot_name": "114362_2025_08_04_13:48:43", "mode": "test", "bot_run": "20250804_124003"}
{"timestamp": "2025-08-04T13:12:24.872398Z", "side": "BUY", "price": 114654.45, "quantity": 9e-05, "bot_name": "113587", "mode": "test", "bot_run": "20250804_124001"}
{"timestamp": "2025-08-04T13:12:24.872772Z", "side": "BUY", "price": 114642.98, "quantity": 9e-05, "bot_name": "113587", "mode": "test", "bot_run": "20250804_124001"}
{"timestamp": "2025-08-04T13:12:29.710531Z", "side": "BUY", "price": 114626.32, "quantity": 9e-05, "bot_name": "114483_2025_08_04_15:25:45", "mode": "test", "bot_run": "20250804_123959"}
{"timestamp": "2025-08-04T13:12:29.917919Z", "side": "BUY", "price": 114631.89, "quantity": 9e-05, "bot_name": "114362_2025_08_04_13:48:43", "mode": "test", "bot_run": "20250804_124003"}
{"timestamp": "2025-08-04T13:12:29.952317Z", "side": "BUY", "price": 114631.52, "quantity": 9e-05, "bot_name": "113587", "mode": "test", "bot_run": "20250804_124001"}
{"timestamp": "2025-08-04T13:12:34.789829Z", "side": "SELL", "price": 114637.78, "quantity": 9e-05, "bot_name": "114483_2025_08_04_15:25:45", "mode": "test", "bot_run": "20250804_123959"}
{"timestamp": "2025-08-04T13:12:34.998818Z", "side": "SELL", "price": 114643.35, "quantity": 9e-05, "bot_name": "114362_2025_08_04_13:48:43", "mode": "test", "bot_run": "20250804_124003"}
{"timestamp": "2025-08-04T13:12:35.030419Z", "side": "SELL", "price": 114642.98, "quantity": 9e-05, "bot_name": "113587", "mode": "test", "bot_run": "20250804_124001"}
{"timestamp": "2025-08-04T13:13:05.884722Z", "side": "BUY", "price": 114626.32, "quantity": 9e-05, "bot_name": "114483_2025_08_04_15:25:45", "mode": "test", "bot_run": "20250804_123959"}
{"timestamp": "2025-08-04T13:13:11.172216Z", "side": "BUY", "price": 114631.89, "quantity": 9e-05, "bot_name": "114362_2025_08_04_13:48:43", "mode": "test", "bot_run": "20250804_124003"}
{"timestamp": "2025-08-04T13:13:11.172757Z", "side": "BUY", "price": 114620.43, "quantity": 9e-05, "bot_name": "114362_2025_08_04_13:48:43", "mode": "test", "bot_run": "20250804_124003"}
{"timestamp": "2025-08-04T13:13:11.186457Z", "side": "BUY", "price": 114631.52, "quantity": 9e-05, "bot_name": "113587", "mode": "test", "bot_run": "20250804_124001"}
{"timestamp": "2025-08-04T13:13:11.186874Z", "side": "BUY", "price": 114620.06, "quantity": 9e-05, "bot_name": "113587", "mode": "test", "bot_run": "20250804_124001"}
{"timestamp": "2025-08-04T13:13:16.043492Z", "side": "BUY", "price": 114614.86, "quantity": 9e-05, "bot_name": "114483_2025_08_04_15:25:45", "mode": "test", "bot_run": "20250804_123959"}
{"timestamp": "2025-08-04T13:13:16.043913Z", "side": "BUY", "price": 114603.4, "quantity": 9e-05, "bot_name": "114483_2025_08_04_15:25:45", "mode": "test", "bot_run": "20250804_123959"}
{"timestamp": "2025-08-04T13:13:16.044210Z", "side": "BUY", "price": 114591.94, "quantity": 9e-05, "bot_name": "114483_2025_08_04_15:25:45", "mode": "test", "bot_run": "20250804_123959"}
{"timestamp": "2025-08-04T13:13:16.254630Z", "side": "BUY", "price": 114608.97, "quantity": 9e-05, "bot_name": "114362_2025_08_04_13:48:43", "mode": "test", "bot_run": "20250804_124003"}
{"timestamp": "2025-08-04T13:13:16.255125Z", "side": "BUY", "price": 114597.51, "quantity": 9e-05, "bot_name": "114362_2025_08_04_13:48:43", "mode": "test", "bot_run": "20250804_124003"}
{"timestamp": "2025-08-04T13:13:16.269192Z", "side": "BUY", "price": 114608.6, "quantity": 9e-05, "bot_name": "113587", "mode": "test", "bot_run": "20250804_124001"}
{"timestamp": "2025-08-04T13:13:16.269582Z", "side": "BUY", "price": 114597.14, "quantity": 9e-05, "bot_name": "113587", "mode": "test", "bot_run": "20250804_124001"}
{"timestamp": "2025-08-04T13:13:36.355786Z", "side": "SELL", "price": 114603.4, "quantity": 9e-05, "bot_name": "114483_2025_08_04_15:25:45", "mode": "test", "bot_run": "20250804_123959"}
{"timestamp": "2025-08-04T13:13:36.565248Z", "side": "SELL", "price": 114608.97, "quantity": 9e-05, "bot_name": "114362_2025_08_04_13:48:43", "mode": "test", "bot_run": "20250804_124003"}
{"timestamp": "2025-08-04T13:13:36.577449Z", "side": "SELL", "price": 114608.6, "quantity": 9e-05, "bot_name": "113587", "mode": "test", "bot_run": "20250804_124001"}
{"timestamp": "2025-08-04T13:13:46.511994Z", "side": "SELL", "price": 114614.86, "quantity": 9e-05, "bot_name": "114483_2025_08_04_15:25:45", "mode": "test", "bot_run": "20250804_123959"}
{"timestamp": "2025-08-04T13:14:02.575841Z", "side": "SELL", "price": 114620.43, "quantity": 9e-05, "bot_name": "114362_2025_08_04_13:48:43", "mode": "test", "bot_run": "20250804_124003"}
{"timestamp": "2025-08-04T13:14:03.013652Z", "side": "SELL", "price": 114620.06, "quantity": 9e-05, "bot_name": "113587", "mode": "test", "bot_run": "20250804_124001"}
{"timestamp": "2025-08-04T13:14:43.003184Z", "side": "SELL", "price": 114626.32, "quantity": 9e-05, "bot_name": "114483_2025_08_04_15:25:45", "mode": "test", "bot_run": "20250804_123959"}
{"timestamp": "2025-08-04T13:14:43.637563Z", "side": "SELL", "price": 114631.52, "quantity": 9e-05, "bot_name": "113587", "mode": "test", "bot_run": "20250804_124001"}
{"timestamp": "2025-08-04T13:15:03.946480Z", "side": "BUY", "price": 114614.86, "quantity": 9e-05, "bot_name": "114483_2025_08_04_15:25:45", "mode": "test", "bot_run": "20250804_123959"}
{"timestamp": "2025-08-04T13:15:04.560726Z", "side": "BUY", "price": 114620.06, "quantity": 9e-05, "bot_name": "113587", "mode": "test", "bot_run": "20250804_124001"}
{"timestamp": "2025-08-04T13:15:29.333338Z", "side": "SELL", "price": 114626.32, "quantity": 9e-05, "bot_name": "114483_2025_08_04_15:25:45", "mode": "test", "bot_run": "20250804_123959"}
{"timestamp": "2025-08-04T13:15:29.334090Z", "side": "SELL", "price": 114637.78, "quantity": 9e-05, "bot_name": "114483_2025_08_04_15:25:45", "mode": "test", "bot_run": "20250804_123959"}
{"timestamp": "2025-08-04T13:15:29.334524Z", "side": "SELL", "price": 114649.24, "quantity": 9e-05, "bot_name": "114483_2025_08_04_15:25:45", "mode": "test", "bot_run": "20250804_123959"}
{"timestamp": "2025-08-04T13:15:29.519092Z", "side": "SELL", "price": 114631.89, "quantity": 9e-05, "bot_name": "114362_2025_08_04_13:48:43", "mode": "test", "bot_run": "20250804_124003"}
{"timestamp": "2025-08-04T13:15:29.519584Z", "side": "SELL", "price": 114643.35, "quantity": 9e-05, "bot_name": "114362_2025_08_04_13:48:43", "mode": "test", "bot_run": "20250804_124003"}
{"timestamp": "2025-08-04T13:15:29.943515Z", "side": "SELL", "price": 114631.52, "quantity": 9e-05, "bot_name": "113587", "mode": "test", "bot_run": "20250804_124001"}
{"timestamp": "2025-08-04T13:15:29.943963Z", "side": "SELL", "price": 114642.98, "quantity": 9e-05, "bot_name": "113587", "mode": "test", "bot_run": "20250804_124001"}
{"timestamp": "2025-08-04T13:15:39.499343Z", "side": "BUY", "price": 114637.78, "quantity": 9e-05, "bot_name": "114483_2025_08_04_15:25:45", "mode": "test", "bot_run": "20250804_123959"}
{"timestamp": "2025-08-04T13:15:49.656369Z", "side": "SELL", "price": 114649.24, "quantity": 9e-05, "bot_name": "114483_2025_08_04_15:25:45", "mode": "test", "bot_run": "20250804_123959"}
{"timestamp": "2025-08-04T13:15:54.736585Z", "side": "BUY", "price": 114637.78, "quantity": 9e-05, "bot_name": "114483_2025_08_04_15:25:45", "mode": "test", "bot_run": "20250804_123959"}
{"timestamp": "2025-08-04T13:15:59.814042Z", "side": "SELL", "price": 114649.24, "quantity": 9e-05, "bot_name": "114483_2025_08_04_15:25:45", "mode": "test", "bot_run": "20250804_123959"}
{"timestamp": "2025-08-04T13:16:00.402515Z", "side": "SELL", "price": 114654.45, "quantity": 9e-05, "bot_name": "113587", "mode": "test", "bot_run": "20250804_124001"}
{"timestamp": "2025-08-04T13:16:05.690629Z", "side": "SELL", "price": 114654.82, "quantity": 9e-05, "bot_name": "114362_2025_08_04_13:48:43", "mode": "test", "bot_run": "20250804_124003"}
{"timestamp": "2025-08-04T13:16:25.828221Z", "side": "SELL", "price": 114660.71, "quantity": 9e-05, "bot_name": "114483_2025_08_04_15:25:45", "mode": "test", "bot_run": "20250804_123959"}
{"timestamp": "2025-08-04T13:16:25.828641Z", "side": "SELL", "price": 114672.18, "quantity": 9e-05, "bot_name": "114483_2025_08_04_15:25:45", "mode": "test", "bot_run": "20250804_123959"}
{"timestamp": "2025-08-04T13:16:26.001327Z", "side": "SELL", "price": 114666.29, "quantity": 9e-05, "bot_name": "114362_2025_08_04_13:48:43", "mode": "test", "bot_run": "20250804_124003"}
{"timestamp": "2025-08-04T13:16:26.389549Z", "side": "SELL", "price": 114665.92, "quantity": 9e-05, "bot_name": "113587", "mode": "test", "bot_run": "20250804_124001"}
{"timestamp": "2025-08-04T13:16:36.544530Z", "side": "SELL", "price": 114677.39, "quantity": 9e-05, "bot_name": "113587", "mode": "test", "bot_run": "20250804_124001"}
{"timestamp": "2025-08-04T13:16:41.621999Z", "side": "BUY", "price": 114665.92, "quantity": 9e-05, "bot_name": "113587", "mode": "test", "bot_run": "20250804_124001"}
{"timestamp": "2025-08-04T13:17:12.327867Z", "side": "SELL", "price": 114677.76, "quantity": 9e-05, "bot_name": "114362_2025_08_04_13:48:43", "mode": "test", "bot_run": "20250804_124003"}
{"timestamp": "2025-08-04T13:17:12.702194Z", "side": "SELL", "price": 114677.39, "quantity": 9e-05, "bot_name": "113587", "mode": "test", "bot_run": "20250804_124001"}
{"timestamp": "2025-08-04T13:17:32.476587Z", "side": "BUY", "price": 114660.71, "quantity": 9e-05, "bot_name": "114483_2025_08_04_15:25:45", "mode": "test", "bot_run": "20250804_123959"}
{"timestamp": "2025-08-04T13:17:32.477015Z", "side": "BUY", "price": 114649.24, "quantity": 9e-05, "bot_name": "114483_2025_08_04_15:25:45", "mode": "test", "bot_run": "20250804_123959"}
{"timestamp": "2025-08-04T13:17:32.477311Z", "side": "BUY", "price": 114637.78, "quantity": 9e-05, "bot_name": "114483_2025_08_04_15:25:45", "mode": "test", "bot_run": "20250804_123959"}
{"timestamp": "2025-08-04T13:17:32.648846Z", "side": "BUY", "price": 114666.29, "quantity": 9e-05, "bot_name": "114362_2025_08_04_13:48:43", "mode": "test", "bot_run": "20250804_124003"}
{"timestamp": "2025-08-04T13:17:32.649280Z", "side": "BUY", "price": 114654.82, "quantity": 9e-05, "bot_name": "114362_2025_08_04_13:48:43", "mode": "test", "bot_run": "20250804_124003"}
{"timestamp": "2025-08-04T13:17:32.649584Z", "side": "BUY", "price": 114643.35, "quantity": 9e-05, "bot_name": "114362_2025_08_04_13:48:43", "mode": "test", "bot_run": "20250804_124003"}
{"timestamp": "2025-08-04T13:17:32.649875Z", "side": "BUY", "price": 114631.89, "quantity": 9e-05, "bot_name": "114362_2025_08_04_13:48:43", "mode": "test", "bot_run": "20250804_124003"}
{"timestamp": "2025-08-04T13:17:32.650117Z", "side": "BUY", "price": 114620.43, "quantity": 9e-05, "bot_name": "114362_2025_08_04_13:48:43", "mode": "test", "bot_run": "20250804_124003"}
{"timestamp": "2025-08-04T13:17:33.009940Z", "side": "BUY", "price": 114665.92, "quantity": 9e-05, "bot_name": "113587", "mode": "test", "bot_run": "20250804_124001"}
{"timestamp": "2025-08-04T13:17:33.010344Z", "side": "BUY", "price": 114654.45, "quantity": 9e-05, "bot_name": "113587", "mode": "test", "bot_run": "20250804_124001"}
{"timestamp": "2025-08-04T13:17:33.010626Z", "side": "BUY", "price": 114642.98, "quantity": 9e-05, "bot_name": "113587", "mode": "test", "bot_run": "20250804_124001"}
{"timestamp": "2025-08-04T13:17:33.010902Z", "side": "BUY", "price": 114631.52, "quantity": 9e-05, "bot_name": "113587", "mode": "test", "bot_run": "20250804_124001"}
{"timestamp": "2025-08-04T13:17:37.555021Z", "side": "BUY", "price": 114626.32, "quantity": 9e-05, "bot_name": "114483_2025_08_04_15:25:45", "mode": "test", "bot_run": "20250804_123959"}
{"timestamp": "2025-08-04T13:17:42.633700Z", "side": "BUY", "price": 114614.86, "quantity": 9e-05, "bot_name": "114483_2025_08_04_15:25:45", "mode": "test", "bot_run": "20250804_123959"}
{"timestamp": "2025-08-04T13:17:42.812673Z", "side": "BUY", "price": 114608.97, "quantity": 9e-05, "bot_name": "114362_2025_08_04_13:48:43", "mode": "test", "bot_run": "20250804_124003"}
{"timestamp": "2025-08-04T13:17:43.164638Z", "side": "BUY", "price": 114620.06, "quantity": 9e-05, "bot_name": "113587", "mode": "test", "bot_run": "20250804_124001"}
{"timestamp": "2025-08-04T13:17:43.165055Z", "side": "BUY", "price": 114608.6, "quantity": 9e-05, "bot_name": "113587", "mode": "test", "bot_run": "20250804_124001"}
{"timestamp": "2025-08-04T13:18:13.727392Z", "side": "BUY", "price": 114603.4, "quantity": 9e-05, "bot_name": "114483_2025_08_04_15:25:45", "mode": "test", "bot_run": "20250804_123959"}
{"timestamp": "2025-08-04T13:18:24.057310Z", "side": "BUY", "price": 114597.51, "quantity": 9e-05, "bot_name": "114362_2025_08_04_13:48:43", "mode": "test", "bot_run": "20250804_124003"}
{"timestamp": "2025-08-04T13:18:24.400777Z", "side": "BUY", "price": 114597.14, "quantity": 9e-05, "bot_name": "113587", "mode": "test", "bot_run": "20250804_124001"}
{"timestamp": "2025-08-04T13:18:28.969241Z", "side": "BUY", "price": 114591.94, "quantity": 9e-05, "bot_name": "114483_2025_08_04_15:25:45", "mode": "test", "bot_run": "20250804_123959"}
{"timestamp": "2025-08-04T13:18:34.047988Z", "side": "BUY", "price": 114580.48, "quantity": 9e-05, "bot_name": "114483_2025_08_04_15:25:45", "mode": "test", "bot_run": "20250804_123959"}
{"timestamp": "2025-08-04T13:18:34.355038Z", "side": "BUY", "price": 114586.05, "quantity": 9e-05, "bot_name": "114362_2025_08_04_13:48:43", "mode": "test", "bot_run": "20250804_124003"}
{"timestamp": "2025-08-04T13:18:34.554248Z", "side": "BUY", "price": 114585.68, "quantity": 9e-05, "bot_name": "113587", "mode": "test", "bot_run": "20250804_124001"}
{"timestamp": "2025-08-04T13:18:34.554457Z", "side": "BUY", "price": 114574.22, "quantity": 9e-05, "bot_name": "113587", "mode": "test", "bot_run": "20250804_124001"}
{"timestamp": "2025-08-04T13:18:39.434398Z", "side": "BUY", "price": 114574.59, "quantity": 9e-05, "bot_name": "114362_2025_08_04_13:48:43", "mode": "test", "bot_run": "20250804_124003"}
{"timestamp": "2025-08-04T13:20:06.093870Z", "side": "BUY", "price": 114569.02, "quantity": 9e-05, "bot_name": "114483_2025_08_04_15:25:45", "mode": "test", "bot_run": "20250804_123959"}
{"timestamp": "2025-08-04T13:20:06.094300Z", "side": "BUY", "price": 114557.56, "quantity": 9e-05, "bot_name": "114483_2025_08_04_15:25:45", "mode": "test", "bot_run": "20250804_123959"}
{"timestamp": "2025-08-04T13:20:06.372014Z", "side": "BUY", "price": 114563.13, "quantity": 9e-05, "bot_name": "114362_2025_08_04_13:48:43", "mode": "test", "bot_run": "20250804_124003"}
{"timestamp": "2025-08-04T13:20:06.372407Z", "side": "BUY", "price": 114551.67, "quantity": 9e-05, "bot_name": "114362_2025_08_04_13:48:43", "mode": "test", "bot_run": "20250804_124003"}
{"timestamp": "2025-08-04T13:20:06.581550Z", "side": "BUY", "price": 114562.76, "quantity": 9e-05, "bot_name": "113587", "mode": "test", "bot_run": "20250804_124001"}
{"timestamp": "2025-08-04T13:20:06.581982Z", "side": "BUY", "price": 114551.3, "quantity": 9e-05, "bot_name": "113587", "mode": "test", "bot_run": "20250804_124001"}
{"timestamp": "2025-08-04T13:20:16.888144Z", "side": "BUY", "price": 114546.1, "quantity": 9e-05, "bot_name": "114483_2025_08_04_15:25:45", "mode": "test", "bot_run": "20250804_123959"}
{"timestamp": "2025-08-04T13:20:16.888531Z", "side": "BUY", "price": 114534.65, "quantity": 9e-05, "bot_name": "114483_2025_08_04_15:25:45", "mode": "test", "bot_run": "20250804_123959"}
{"timestamp": "2025-08-04T13:20:17.158531Z", "side": "BUY", "price": 114540.21, "quantity": 9e-05, "bot_name": "114362_2025_08_04_13:48:43", "mode": "test", "bot_run": "20250804_124003"}
{"timestamp": "2025-08-04T13:20:17.158984Z", "side": "BUY", "price": 114528.76, "quantity": 9e-05, "bot_name": "114362_2025_08_04_13:48:43", "mode": "test", "bot_run": "20250804_124003"}
{"timestamp": "2025-08-04T13:20:17.494192Z", "side": "BUY", "price": 114539.84, "quantity": 9e-05, "bot_name": "113587", "mode": "test", "bot_run": "20250804_124001"}
{"timestamp": "2025-08-04T13:20:17.494659Z", "side": "BUY", "price": 114528.39, "quantity": 9e-05, "bot_name": "113587", "mode": "test", "bot_run": "20250804_124001"}
{"timestamp": "2025-08-04T13:20:21.967277Z", "side": "BUY", "price": 114523.2, "quantity": 9e-05, "bot_name": "114483_2025_08_04_15:25:45", "mode": "test", "bot_run": "20250804_123959"}
{"timestamp": "2025-08-04T13:20:21.967671Z", "side": "BUY", "price": 114511.75, "quantity": 9e-05, "bot_name": "114483_2025_08_04_15:25:45", "mode": "test", "bot_run": "20250804_123959"}
{"timestamp": "2025-08-04T13:20:22.239705Z", "side": "BUY", "price": 114517.31, "quantity": 9e-05, "bot_name": "114362_2025_08_04_13:48:43", "mode": "test", "bot_run": "20250804_124003"}
{"timestamp": "2025-08-04T13:20:22.240424Z", "side": "BUY", "price": 114505.86, "quantity": 9e-05, "bot_name": "114362_2025_08_04_13:48:43", "mode": "test", "bot_run": "20250804_124003"}
{"timestamp": "2025-08-04T13:20:22.576132Z", "side": "BUY", "price": 114516.94, "quantity": 9e-05, "bot_name": "113587", "mode": "test", "bot_run": "20250804_124001"}
{"timestamp": "2025-08-04T13:20:22.576526Z", "side": "BUY", "price": 114505.49, "quantity": 9e-05, "bot_name": "113587", "mode": "test", "bot_run": "20250804_124001"}
{"timestamp": "2025-08-04T13:20:47.370028Z", "side": "SELL", "price": 114523.2, "quantity": 9e-05, "bot_name": "114483_2025_08_04_15:25:45", "mode": "test", "bot_run": "20250804_123959"}
{"timestamp": "2025-08-04T13:20:47.633511Z", "side": "SELL", "price": 114517.31, "quantity": 9e-05, "bot_name": "114362_2025_08_04_13:48:43", "mode": "test", "bot_run": "20250804_124003"}
{"timestamp": "2025-08-04T13:20:52.450029Z", "side": "BUY", "price": 114511.75, "quantity": 9e-05, "bot_name": "114483_2025_08_04_15:25:45", "mode": "test", "bot_run": "20250804_123959"}
{"timestamp": "2025-08-04T13:20:52.450421Z", "side": "BUY", "price": 114500.3, "quantity": 9e-05, "bot_name": "114483_2025_08_04_15:25:45", "mode": "test", "bot_run": "20250804_123959"}
{"timestamp": "2025-08-04T13:20:52.715324Z", "side": "BUY", "price": 114505.86, "quantity": 9e-05, "bot_name": "114362_2025_08_04_13:48:43", "mode": "test", "bot_run": "20250804_124003"}
{"timestamp": "2025-08-04T13:20:52.715726Z", "side": "BUY", "price": 114494.41, "quantity": 9e-05, "bot_name": "114362_2025_08_04_13:48:43", "mode": "test", "bot_run": "20250804_124003"}
{"timestamp": "2025-08-04T13:20:53.044348Z", "side": "BUY", "price": 114494.04, "quantity": 9e-05, "bot_name": "113587", "mode": "test", "bot_run": "20250804_124001"}
{"timestamp": "2025-08-04T13:20:57.529486Z", "side": "BUY", "price": 114488.85, "quantity": 9e-05, "bot_name": "114483_2025_08_04_15:25:45", "mode": "test", "bot_run": "20250804_123959"}
{"timestamp": "2025-08-04T13:21:07.689280Z", "side": "BUY", "price": 114477.4, "quantity": 9e-05, "bot_name": "114483_2025_08_04_15:25:45", "mode": "test", "bot_run": "20250804_123959"}
{"timestamp": "2025-08-04T13:21:07.946893Z", "side": "BUY", "price": 114482.96, "quantity": 9e-05, "bot_name": "114362_2025_08_04_13:48:43", "mode": "test", "bot_run": "20250804_124003"}
{"timestamp": "2025-08-04T13:21:08.281114Z", "side": "BUY", "price": 114482.59, "quantity": 9e-05, "bot_name": "113587", "mode": "test", "bot_run": "20250804_124001"}
{"timestamp": "2025-08-04T13:21:13.651841Z", "side": "BUY", "price": 114471.51, "quantity": 9e-05, "bot_name": "114362_2025_08_04_13:48:43", "mode": "test", "bot_run": "20250804_124003"}
{"timestamp": "2025-08-04T13:21:13.976732Z", "side": "BUY", "price": 114471.14, "quantity": 9e-05, "bot_name": "113587", "mode": "test", "bot_run": "20250804_124001"}
{"timestamp": "2025-08-04T13:21:38.811308Z", "side": "BUY", "price": 114465.95, "quantity": 9e-05, "bot_name": "114483_2025_08_04_15:25:45", "mode": "test", "bot_run": "20250804_123959"}
{"timestamp": "2025-08-04T13:21:59.124389Z", "side": "SELL", "price": 114477.4, "quantity": 9e-05, "bot_name": "114483_2025_08_04_15:25:45", "mode": "test", "bot_run": "20250804_123959"}
{"timestamp": "2025-08-04T13:21:59.124915Z", "side": "SELL", "price": 114488.85, "quantity": 9e-05, "bot_name": "114483_2025_08_04_15:25:45", "mode": "test", "bot_run": "20250804_123959"}
{"timestamp": "2025-08-04T13:21:59.352272Z", "side": "SELL", "price": 114482.96, "quantity": 9e-05, "bot_name": "114362_2025_08_04_13:48:43", "mode": "test", "bot_run": "20250804_124003"}
{"timestamp": "2025-08-04T13:21:59.352639Z", "side": "SELL", "price": 114494.41, "quantity": 9e-05, "bot_name": "114362_2025_08_04_13:48:43", "mode": "test", "bot_run": "20250804_124003"}
{"timestamp": "2025-08-04T13:21:59.669289Z", "side": "SELL", "price": 114482.59, "quantity": 9e-05, "bot_name": "113587", "mode": "test", "bot_run": "20250804_124001"}
{"timestamp": "2025-08-04T13:21:59.669712Z", "side": "SELL", "price": 114494.04, "quantity": 9e-05, "bot_name": "113587", "mode": "test", "bot_run": "20250804_124001"}
{"timestamp": "2025-08-04T13:22:04.205312Z", "side": "SELL", "price": 114500.3, "quantity": 9e-05, "bot_name": "114483_2025_08_04_15:25:45", "mode": "test", "bot_run": "20250804_123959"}
{"timestamp": "2025-08-04T13:22:04.205792Z", "side": "SELL", "price": 114511.75, "quantity": 9e-05, "bot_name": "114483_2025_08_04_15:25:45", "mode": "test", "bot_run": "20250804_123959"}
{"timestamp": "2025-08-04T13:22:04.429811Z", "side": "SELL", "price": 114505.86, "quantity": 9e-05, "bot_name": "114362_2025_08_04_13:48:43", "mode": "test", "bot_run": "20250804_124003"}
{"timestamp": "2025-08-04T13:22:04.747416Z", "side": "SELL", "price": 114505.49, "quantity": 9e-05, "bot_name": "113587", "mode": "test", "bot_run": "20250804_124001"}
{"timestamp": "2025-08-04T13:22:30.578949Z", "side": "SELL", "price": 114517.31, "quantity": 9e-05, "bot_name": "114362_2025_08_04_13:48:43", "mode": "test", "bot_run": "20250804_124003"}
{"timestamp": "2025-08-04T13:22:35.832784Z", "side": "SELL", "price": 114516.94, "quantity": 9e-05, "bot_name": "113587", "mode": "test", "bot_run": "20250804_124001"}
{"timestamp": "2025-08-04T13:23:05.814155Z", "side": "BUY", "price": 114500.3, "quantity": 9e-05, "bot_name": "114483_2025_08_04_15:25:45", "mode": "test", "bot_run": "20250804_123959"}
{"timestamp": "2025-08-04T13:23:05.814533Z", "side": "BUY", "price": 114488.85, "quantity": 9e-05, "bot_name": "114483_2025_08_04_15:25:45", "mode": "test", "bot_run": "20250804_123959"}
{"timestamp": "2025-08-04T13:23:06.118708Z", "side": "BUY", "price": 114505.86, "quantity": 9e-05, "bot_name": "114362_2025_08_04_13:48:43", "mode": "test", "bot_run": "20250804_124003"}
{"timestamp": "2025-08-04T13:23:06.119230Z", "side": "BUY", "price": 114494.41, "quantity": 9e-05, "bot_name": "114362_2025_08_04_13:48:43", "mode": "test", "bot_run": "20250804_124003"}
{"timestamp": "2025-08-04T13:23:06.308723Z", "side": "BUY", "price": 114505.49, "quantity": 9e-05, "bot_name": "113587", "mode": "test", "bot_run": "20250804_124001"}
{"timestamp": "2025-08-04T13:23:06.309347Z", "side": "BUY", "price": 114494.04, "quantity": 9e-05, "bot_name": "113587", "mode": "test", "bot_run": "20250804_124001"}
{"timestamp": "2025-08-04T13:23:17.564592Z", "side": "BUY", "price": 114482.59, "quantity": 9e-05, "bot_name": "113587", "mode": "test", "bot_run": "20250804_124001"}
{"timestamp": "2025-08-04T13:23:26.799725Z", "side": "BUY", "price": 114477.4, "quantity": 9e-05, "bot_name": "114483_2025_08_04_15:25:45", "mode": "test", "bot_run": "20250804_123959"}
{"timestamp": "2025-08-04T13:23:27.049995Z", "side": "BUY", "price": 114482.96, "quantity": 9e-05, "bot_name": "114362_2025_08_04_13:48:43", "mode": "test", "bot_run": "20250804_124003"}
{"timestamp": "2025-08-04T13:23:31.882010Z", "side": "SELL", "price": 114488.85, "quantity": 9e-05, "bot_name": "114483_2025_08_04_15:25:45", "mode": "test", "bot_run": "20250804_123959"}
{"timestamp": "2025-08-04T13:23:32.129963Z", "side": "SELL", "price": 114494.41, "quantity": 9e-05, "bot_name": "114362_2025_08_04_13:48:43", "mode": "test", "bot_run": "20250804_124003"}
{"timestamp": "2025-08-04T13:23:32.797495Z", "side": "SELL", "price": 114494.04, "quantity": 9e-05, "bot_name": "113587", "mode": "test", "bot_run": "20250804_124001"}
{"timestamp": "2025-08-04T13:23:36.963428Z", "side": "BUY", "price": 114477.4, "quantity": 9e-05, "bot_name": "114483_2025_08_04_15:25:45", "mode": "test", "bot_run": "20250804_123959"}
{"timestamp": "2025-08-04T13:23:37.209782Z", "side": "BUY", "price": 114482.96, "quantity": 9e-05, "bot_name": "114362_2025_08_04_13:48:43", "mode": "test", "bot_run": "20250804_124003"}
{"timestamp": "2025-08-04T13:23:37.210289Z", "side": "BUY", "price": 114471.51, "quantity": 9e-05, "bot_name": "114362_2025_08_04_13:48:43", "mode": "test", "bot_run": "20250804_124003"}
{"timestamp": "2025-08-04T13:23:37.876617Z", "side": "BUY", "price": 114482.59, "quantity": 9e-05, "bot_name": "113587", "mode": "test", "bot_run": "20250804_124001"}
{"timestamp": "2025-08-04T13:23:37.877019Z", "side": "BUY", "price": 114471.14, "quantity": 9e-05, "bot_name": "113587", "mode": "test", "bot_run": "20250804_124001"}
{"timestamp": "2025-08-04T13:23:57.291164Z", "side": "SELL", "price": 114488.85, "quantity": 9e-05, "bot_name": "114483_2025_08_04_15:25:45", "mode": "test", "bot_run": "20250804_123959"}
{"timestamp": "2025-08-04T13:23:57.291565Z", "side": "SELL", "price": 114500.3, "quantity": 9e-05, "bot_name": "114483_2025_08_04_15:25:45", "mode": "test", "bot_run": "20250804_123959"}
{"timestamp": "2025-08-04T13:23:57.520241Z", "side": "SELL", "price": 114482.96, "quantity": 9e-05, "bot_name": "114362_2025_08_04_13:48:43", "mode": "test", "bot_run": "20250804_124003"}
{"timestamp": "2025-08-04T13:23:57.521100Z", "side": "SELL", "price": 114494.41, "quantity": 9e-05, "bot_name": "114362_2025_08_04_13:48:43", "mode": "test", "bot_run": "20250804_124003"}
{"timestamp": "2025-08-04T13:23:58.182589Z", "side": "SELL", "price": 114482.59, "quantity": 9e-05, "bot_name": "113587", "mode": "test", "bot_run": "20250804_124001"}
{"timestamp": "2025-08-04T13:23:58.183015Z", "side": "SELL", "price": 114494.04, "quantity": 9e-05, "bot_name": "113587", "mode": "test", "bot_run": "20250804_124001"}
{"timestamp": "2025-08-04T13:24:02.599018Z", "side": "SELL", "price": 114505.86, "quantity": 9e-05, "bot_name": "114362_2025_08_04_13:48:43", "mode": "test", "bot_run": "20250804_124003"}
{"timestamp": "2025-08-04T13:24:03.262078Z", "side": "SELL", "price": 114505.49, "quantity": 9e-05, "bot_name": "113587", "mode": "test", "bot_run": "20250804_124001"}
{"timestamp": "2025-08-04T13:24:03.262630Z", "side": "SELL", "price": 114516.94, "quantity": 9e-05, "bot_name": "113587", "mode": "test", "bot_run": "20250804_124001"}
{"timestamp": "2025-08-04T13:24:07.451351Z", "side": "SELL", "price": 114511.75, "quantity": 9e-05, "bot_name": "114483_2025_08_04_15:25:45", "mode": "test", "bot_run": "20250804_123959"}
{"timestamp": "2025-08-04T13:24:07.451762Z", "side": "SELL", "price": 114523.2, "quantity": 9e-05, "bot_name": "114483_2025_08_04_15:25:45", "mode": "test", "bot_run": "20250804_123959"}
{"timestamp": "2025-08-04T13:24:07.677708Z", "side": "SELL", "price": 114517.31, "quantity": 9e-05, "bot_name": "114362_2025_08_04_13:48:43", "mode": "test", "bot_run": "20250804_124003"}
{"timestamp": "2025-08-04T13:24:23.324478Z", "side": "BUY", "price": 114511.75, "quantity": 9e-05, "bot_name": "114483_2025_08_04_15:25:45", "mode": "test", "bot_run": "20250804_123959"}
{"timestamp": "2025-08-04T13:24:28.403196Z", "side": "BUY", "price": 114500.3, "quantity": 9e-05, "bot_name": "114483_2025_08_04_15:25:45", "mode": "test", "bot_run": "20250804_123959"}
{"timestamp": "2025-08-04T13:24:28.609794Z", "side": "BUY", "price": 114505.86, "quantity": 9e-05, "bot_name": "114362_2025_08_04_13:48:43", "mode": "test", "bot_run": "20250804_124003"}
{"timestamp": "2025-08-04T13:24:29.267617Z", "side": "BUY", "price": 114505.49, "quantity": 9e-05, "bot_name": "113587", "mode": "test", "bot_run": "20250804_124001"}
{"timestamp": "2025-08-04T13:24:38.765030Z", "side": "BUY", "price": 114494.41, "quantity": 9e-05, "bot_name": "114362_2025_08_04_13:48:43", "mode": "test", "bot_run": "20250804_124003"}
{"timestamp": "2025-08-04T13:24:39.429365Z", "side": "BUY", "price": 114494.04, "quantity": 9e-05, "bot_name": "113587", "mode": "test", "bot_run": "20250804_124001"}
{"timestamp": "2025-08-04T13:25:03.951757Z", "side": "BUY", "price": 114488.85, "quantity": 9e-05, "bot_name": "114483_2025_08_04_15:25:45", "mode": "test", "bot_run": "20250804_123959"}
{"timestamp": "2025-08-04T13:25:03.952186Z", "side": "BUY", "price": 114477.4, "quantity": 9e-05, "bot_name": "114483_2025_08_04_15:25:45", "mode": "test", "bot_run": "20250804_123959"}
{"timestamp": "2025-08-04T13:25:04.156459Z", "side": "BUY", "price": 114482.96, "quantity": 9e-05, "bot_name": "114362_2025_08_04_13:48:43", "mode": "test", "bot_run": "20250804_124003"}
{"timestamp": "2025-08-04T13:25:04.826392Z", "side": "BUY", "price": 114482.59, "quantity": 9e-05, "bot_name": "113587", "mode": "test", "bot_run": "20250804_124001"}
{"timestamp": "2025-08-04T13:25:14.323945Z", "side": "BUY", "price": 114471.51, "quantity": 9e-05, "bot_name": "114362_2025_08_04_13:48:43", "mode": "test", "bot_run": "20250804_124003"}
{"timestamp": "2025-08-04T13:25:14.984440Z", "side": "BUY", "price": 114471.14, "quantity": 9e-05, "bot_name": "113587", "mode": "test", "bot_run": "20250804_124001"}
{"timestamp": "2025-08-04T13:25:24.910543Z", "side": "SELL", "price": 114488.85, "quantity": 9e-05, "bot_name": "114483_2025_08_04_15:25:45", "mode": "test", "bot_run": "20250804_123959"}
{"timestamp": "2025-08-04T13:25:25.110563Z", "side": "SELL", "price": 114482.96, "quantity": 9e-05, "bot_name": "114362_2025_08_04_13:48:43", "mode": "test", "bot_run": "20250804_124003"}
{"timestamp": "2025-08-04T13:25:30.831832Z", "side": "SELL", "price": 114482.59, "quantity": 9e-05, "bot_name": "113587", "mode": "test", "bot_run": "20250804_124001"}
{"timestamp": "2025-08-04T13:25:40.151498Z", "side": "BUY", "price": 114477.4, "quantity": 9e-05, "bot_name": "114483_2025_08_04_15:25:45", "mode": "test", "bot_run": "20250804_123959"}
{"timestamp": "2025-08-04T13:25:40.985104Z", "side": "BUY", "price": 114471.14, "quantity": 9e-05, "bot_name": "113587", "mode": "test", "bot_run": "20250804_124001"}
{"timestamp": "2025-08-04T13:25:50.500151Z", "side": "BUY", "price": 114471.51, "quantity": 9e-05, "bot_name": "114362_2025_08_04_13:48:43", "mode": "test", "bot_run": "20250804_124003"}
{"timestamp": "2025-08-04T13:25:55.387190Z", "side": "BUY", "price": 114465.95, "quantity": 9e-05, "bot_name": "114483_2025_08_04_15:25:45", "mode": "test", "bot_run": "20250804_123959"}
{"timestamp": "2025-08-04T13:26:05.732467Z", "side": "BUY", "price": 114460.06, "quantity": 9e-05, "bot_name": "114362_2025_08_04_13:48:43", "mode": "test", "bot_run": "20250804_124003"}
{"timestamp": "2025-08-04T13:26:06.377694Z", "side": "BUY", "price": 114459.69, "quantity": 9e-05, "bot_name": "113587", "mode": "test", "bot_run": "20250804_124001"}
{"timestamp": "2025-08-04T13:26:31.574415Z", "side": "BUY", "price": 114454.5, "quantity": 9e-05, "bot_name": "114483_2025_08_04_15:25:45", "mode": "test", "bot_run": "20250804_123959"}
{"timestamp": "2025-08-04T13:26:57.144776Z", "side": "BUY", "price": 114448.61, "quantity": 9e-05, "bot_name": "114362_2025_08_04_13:48:43", "mode": "test", "bot_run": "20250804_124003"}
{"timestamp": "2025-08-04T13:27:02.875263Z", "side": "BUY", "price": 114448.24, "quantity": 9e-05, "bot_name": "113587", "mode": "test", "bot_run": "20250804_124001"}
{"timestamp": "2025-08-04T13:27:23.116648Z", "side": "BUY", "price": 114443.05, "quantity": 9e-05, "bot_name": "114483_2025_08_04_15:25:45", "mode": "test", "bot_run": "20250804_123959"}
{"timestamp": "2025-08-04T13:27:38.395428Z", "side": "BUY", "price": 114437.17, "quantity": 9e-05, "bot_name": "114362_2025_08_04_13:48:43", "mode": "test", "bot_run": "20250804_124003"}
{"timestamp": "2025-08-04T13:27:44.119251Z", "side": "BUY", "price": 114436.8, "quantity": 9e-05, "bot_name": "113587", "mode": "test", "bot_run": "20250804_124001"}
{"timestamp": "2025-08-04T13:27:53.595395Z", "side": "BUY", "price": 114431.61, "quantity": 9e-05, "bot_name": "114483_2025_08_04_15:25:45", "mode": "test", "bot_run": "20250804_123959"}
